1835 3094
1040 179 1065 220 6

489 308 527 359 3)
561 305 766 346 Consulto
799 302 907 343 fiunt
938 304 1208 355 mutationes,
1239 306 1289 343 ut
1320 302 1373 343 ad
1403 303 1548 343 locum
1579 300 1654 342 ubi
1686 301 1758 341 ad-

345 377 516 418 hibetur
547 374 891 416 accommodetur
923 375 1143 414 sententia.
1178 373 1310 414 Cuius
1341 373 1404 413 rei
1431 372 1567 412 multa
1589 372 1760 412 notissi-

344 460 499 501 maque
517 449 688 487 exstant
704 445 909 498 exempla.
932 444 1063 485 Velut
1077 444 1237 485 Seneca
1250 443 1526 497 philosophus
1542 441 1757 483 Aeneidos

346 516 508 565 versul)

558 587 642 627 heu
690 589 802 626 terra
849 586 994 639 ignota
1043 584 1221 625 canibus
1270 584 1366 624 data
1409 583 1564 637 praeda
1595 582 1758 624 Latinis

628 656 904 709 (alitibusque
936 656 1049 696 iaces
1082 689 1089 696 .
1126 687 1133 694 .
1167 687 1174 694 .
1210 687 1217 694 .
1249 656 1260 702 )

344 730 389 768 in
421 726 645 782 epistolis2)
690 728 751 767 ita
788 727 924 767 utitur
957 729 1002 766 ut
1034 726 1161 766 dicat:
1198 729 1370 777 ⁷utrum
1390 725 1625 778 proiectum
1659 722 1752 778 (scl.

345 812 501 851 corpus
533 798 708 847 mortui)
743 810 843 837 aves
876 796 1071 836 differant
1104 809 1157 836 an
1190 799 1469 836 consumatur

694 867 872 908 canibus
906 867 1003 906 (lata
1034 867 1189 920 praeda
1220 867 1409 916 marinis,

347 939 447 993 quid
494 939 546 979 ad
594 939 717 979 illum
767 939 840 991 qui
886 937 1092 978 nullus?
1155 937 1305 977 Itidem
1353 935 1654 976 celeberrimus
1685 935 1758 976 ille

345 1009 550 1061 Aeschyli
582 1022 732 1050 versus
764 1009 807 1048 in
842 1008 951 1062 Sept.
986 1008 1077 1048 adv.
1111 1007 1236 1048 Theb.
1271 1006 1375 1061 (573
1407 1006 1594 1058 Herm.):

558 1074 604 1121 οὗ
635 1075 714 1134 γὰρ
747 1078 888 1120 δοκεῖν
920 1072 1108 1134 ἄριστος,
1143 1072 1231 1119 ἀλλ’
1266 1072 1379 1119 εἶναι
1410 1075 1532 1118 θέλει

345 1165 368 1191 a
401 1150 678 1204 scriptoribus
726 1150 849 1189 modo
896 1154 944 1189 ut
991 1150 1174 1202 scriptus
1212 1152 1275 1189 est
1307 1162 1331 1189 a
1361 1151 1495 1202 poeta‘,
1541 1147 1667 1188 modo
1698 1148 1757 1187 ita

344 1205 539 1272 aflerturs
576 1225 623 1261 ut
669 1223 839 1274 propter
886 1232 1061 1260 sensum
1107 1231 1182 1273 pro
1222 1219 1349 1259 verbo
1390 1212 1568 1274 ἄριστος
1599 1221 1758 1272 pona-nt

346 1289 531 1341 δίκαιος,
596 1305 619 1331 a
663 1291 907 1337 Plutarcho,
966 1291 1039 1344 qui
1085 1289 1256 1330 duobus
1304 1302 1351 1330 eo
1413 1290 1551 1330 utitur
1601 1286 1758 1341 locis3·,

346 1367 526 1416 utraque
573 1363 722 1414 forma⁷
769 1363 830 1402 eis
878 1373 986 1414 quae
1026 1363 1256 1400 narrantur
1287 1363 1467 1414 aptatus,
1515 1373 1599 1413 qua
1630 1359 1681 1400 de
1711 1371 1758 1400 re

346 1434 514 1487 egregie
553 1433 755 1473 disseruit
786 1431 1067 1472 Hermannus
1117 1431 1161 1470 in
1202 1431 1472 1472 adnotatione
1505 1431 1557 1471 ad
1589 1431 1628 1472 h.
1662 1427 1756 1484 νά).

345 1503 439 1545 Hoc
472 1505 644 1544 tertium
676 1516 814 1557 genus
846 1515 932 1542 non
957 1514 1122 1555 semper
1143 1502 1266 1542 facile
1289 1506 1352 1542 est
1373 1501 1425 1541 ad
1448 1500 1759 1542 dinoscendum

346 1575 768 1628 diiudicandumque,
804 1578 844 1614 et
875 1574 918 1613 in
946 1572 1125 1613 Stobaeo
1148 1573 1333 1612 maxime
1357 1571 1540 1612 difficilis
1564 1571 1757 1625 quaestio

345 1646 524 1698 exsistit,
563 1650 773 1698 quantum
805 1645 954 1685 talium
987 1643 1272 1683 mutationum
1304 1643 1580 1683 tribuendum
1613 1643 1653 1683 ei
1684 1642 1754 1682 sit:

345 1729 474 1769 quam
508 1717 615 1769 quin
646 1729 733 1756 non
767 1714 960 1756 vitaverit
992 1714 1241 1767 compilator
1271 1714 1496 1762 licentiam,
1537 1725 1585 1753 ex
1623 1711 1757 1753 Bern-

344 1787 499 1827 hardtii
533 1786 763 1827 Nietzschii
795 1785 951 1826 Hensii
984 1784 1344 1838 disputationibus
1378 1783 1563 1824 dubitari
1596 1783 1755 1836 nequit.

486 1857 628 1898 Trium
662 1857 815 1898 horum
850 1858 1135 1897 mutationum
1166 1868 1369 1910 generum
1406 1855 1480 1907 qui
1512 1866 1674 1894 memor
1697 1853 1757 1893 lo-

346 1941 492 1968 corum
515 1928 787 1968 laudatorum
811 1927 1057 1981 aggreditur
1078 1927 1279 1967 lectiones
1297 1925 1594 1976 aestimandas,
1610 1936 1758 1964 vereor

346 2011 398 2039 ne
445 1999 592 2039 minus
639 1998 775 2039 bonae
822 1998 959 2051 frugis
1008 2010 1061 2038 ex
1105 1998 1156 2037 iis
1202 1995 1520 2050 percipiendum
1555 2007 1646 2036 esse
1679 1994 1759 2036 sibi

344 2069 598 2123 persuadeat
631 2082 762 2122 quam
795 2069 934 2109 adhuc
967 2069 1320 2109 existimaverunt
1351 2067 1545 2120 plerique
1593 2065 1649 2105 Et
1679 2065 1758 2105 hoc

345 2140 471 2180 etiam
515 2152 636 2192 spero
685 2152 752 2179 me
798 2138 1092 2192 probaturum,
1138 2151 1275 2192 pauca
1321 2150 1369 2178 ea
1407 2149 1518 2191 quae
1548 2136 1681 2176 latent
1711 2137 1758 2176 in

343 2210 598 2250 testimoniis
645 2210 820 2250 meliora
861 2210 1057 2250 codicum
1089 2209 1271 2262 Theogn.
1305 2210 1546 2248 nostrorum
1579 2207 1759 2247 lectione

344 2284 541 2334 corrupta
592 2280 694 2320 talia
747 2292 850 2332 esse,
903 2293 1012 2333 quae
1063 2280 1262 2320 facillime
1309 2278 1553 2318 coniectura
1591 2278 1758 2332 possint

342 2352 507 2391 restitui
541 2355 580 2391 et
611 2362 657 2391 re
689 2362 790 2390 vera
822 2352 975 2403 partim
1008 2352 1099 2391 sine
1132 2351 1304 2390 illorum
1336 2360 1413 2402 ope
1434 2349 1572 2389 textui
1593 2348 1759 2389 reddita

343 2421 438 2461 sint.
514 2419 636 2469 Quod
681 2420 779 2460 libri
827 2420 1086 2462 Mutinensis
1132 2421 1320 2460 maxime
1367 2419 1562 2472 egregiae
1611 2418 1759 2458 virtuti

485 2537 519 2581 1)
544 2537 609 2580 IX,
634 2536 715 2571 485.

485 2597 520 2633 2)
547 2596 602 2639 92,
622 2596 676 2630 34.

484 2655 520 2698 3)
547 2654 601 2687 De
627 2654 707 2691 aud.
733 2655 824 2697 poet.
850 2665 882 2697 p.
910 2654 955 2688 32
981 2654 1010 2687 E
1036 2655 1071 2687 et
1095 2653 1171 2687 vita
1196 2653 1342 2687 Aristid.
1371 2663 1399 2687 c.
1426 2652 1459 2686 3.

483 2713 520 2755 4)
544 2712 587 2746 In
612 2713 695 2747 edit.
721 2712 791 2749 vol.
817 2711 871 2746 112
896 2724 928 2756 p.
955 2714 1024 2749 315
1050 2723 1125 2756 sqq.
