1835 3094
1015 183 1070 225 54

319 310 412 351 1000
456 309 541 349 nisi
582 322 657 362 pro
700 307 743 349 ἐν
791 310 980 357 armore
1017 308 1293 348 coniecerunt
1336 303 1577 359 ez’·§1·11<5'zocg.
1641 304 1736 354 Qua

321 393 422 422 vero
474 380 655 420 lectione
708 379 798 420 sola.
844 376 888 418 ἓν
938 379 1262 431 praepositionis
1316 378 1492 418 molesta
1542 377 1736 430 repetitio

321 451 500 501 tollitur,
532 453 669 490 cetera
701 452 877 490 manent
909 449 1060 489 omnia.
1118 448 1207 489 Nec
1239 443 1448 500 εὖξίτνετος
1479 449 1591 503 apud
1623 448 1736 490 Stob.

323 534 378 562 ex
410 515 641 573 εἶ’ξυνέτοις
673 523 921 573 corruptum
965 522 1046 571 est,
1080 518 1193 572 quod
1236 520 1588 573 existimandum,
1619 520 1739 560 illam

322 593 531 633 rationem
575 592 612 632 si
644 591 854 644 sequeris,
909 590 1019 643 quod
1061 589 1372 631 demonstratur
1402 591 1447 631 in
1490 592 1739 632 hexametro

325 663 533 717 singulari
585 656 738 716 ἀνδρὸς
784 674 858 714 pro
906 655 1075 715 ἀνδρῶν
1116 661 1270 714 posito:
1324 661 1393 702 vel
1434 656 1601 717 ἀνδρῶν
1638 674 1739 702 cum

324 735 517 787 ineptum
557 733 612 774 sit
650 736 819 786 propter
850 729 894 772 ἐν
926 733 1115 780 maeror<
1146 731 1213 772 vel
1250 725 1497 784 εῧξυνέτοις,
1531 733 1741 788 singulari

325 799 479 859 ἀνδρὸς
522 808 691 858 accepto
734 804 854 844 locus
902 803 1070 855 penitus
1126 803 1432 855 corrumpitur,
1482 803 1598 844 iusta
1641 817 1742 845 con-

327 876 502 916 structio
536 876 706 916 tollitur.
768 874 916 928 Ipsum
948 867 1157 925 εἰνξύιέῑος
1188 886 1319 926 prava
1351 874 1596 915 coniectura
1628 875 1743 916 vide-

328 950 409 987 tur.
473 946 591 987 Nihil
623 947 755 1000 igitur
788 944 1022 985 adiumenti
1055 943 1173 984 affert
1215 943 1268 983 ad
1301 945 1555 986 sententiam
1588 958 1744 987 sanan-

328 1018 426 1058 dam
459 1016 628 1058 Stobaei
659 1017 782 1057 locus
813 1017 902 1069 ipse
935 1015 1284 1068 corruptissimus
1318 1015 1409 1056 sive
1456 1017 1744 1070 compilatoris

329 1089 453 1143 culpa
487 1089 576 1129 sive
607 1087 888 1128 librariorum.
952 1085 1007 1126 Et
1038 1086 1113 1125 vix
1145 1098 1266 1139 spero
1303 1085 1392 1126 fore
1436 1089 1483 1126 ut
1514 1087 1745 1141 aliquando

331 1161 450 1200 locus
497 1160 734 1200 miserrime
787 1158 982 1198 foedatus
1019 1157 1064 1196 in
1108 1158 1324 1210 integrum
1369 1158 1636 1198 restituatur:
1691 1170 1746 1198 ex

331 1231 502 1271 maioris
549 1230 733 1270 ambitus
776 1231 965 1270 carmine
1011 1242 1110 1269 cnm
1155 1227 1462 1278 detraheretur,
1508 1232 1594 1269 tam
1635 1228 1746 1278 male

330 1302 547 1342 mulcatus
580 1301 752 1341 videtur
783 1313 893 1353 esse,
926 1304 972 1340 ut
1003 1300 1094 1341 veri
1133 1311 1186 1339 ne
1219 1299 1445 1352 vestigium
1479 1298 1649 1352 quidem
1684 1310 1745 1339 re-

267 1376 270 1379 ’
332 1373 545 1413 manserit.
579 1371 645 1412 Ex
668 1373 860 1412 virorum
885 1372 1106 1412 doctorum
1131 1382 1309 1410 numero
1342 1370 1555 1423 corruptio
1588 1372 1748 1423 quanta

332 1447 443 1485 esset
474 1444 575 1483 satis
607 1443 718 1484 clare
750 1456 875 1483 nemo
908 1442 1076 1482 videtur
1109 1441 1305 1482 sensisse.
1337 1465 1394 1470 —-

477 1513 635 1554 Omnes
679 1515 762 1554 iam
815 1514 928 1555 locos
981 1514 1054 1566 qui
1099 1512 1212 1566 apud
1251 1511 1480 1552 Stobaeum
1519 1510 1750 1552 oecurrunt

335 1585 626 1640 Theognideos
650 1585 923 1625 contulimus.
960 1583 1076 1632 Quos
1095 1584 1130 1624 si
1153 1585 1312 1624 cursim
1336 1582 1660 1636 perlustramus,
1677 1581 1749 1622 ad-

333 1657 605 1697 mirationem
637 1660 780 1696 movet
810 1667 1070 1710 permagnus
1116 1654 1498 1707 discrepantiarum
1531 1665 1748 1694 numerus.

334 1727 421 1767 Vix
455 1727 555 1767 huic
589 1731 630 1767 et
660 1727 723 1766 illi
760 1727 852 1767 loco
898 1725 1226 1779 discrepantiam
1266 1737 1353 1764 non
1385 1736 1478 1765 esse
1509 1725 1646 1778 potuit
1678 1723 1749 1764 ad-

337 1798 477 1840 scribi.
540 1797 621 1838 Sed
658 1801 858 1850 quattuor
901 1801 1070 1838 tantum
1113 1799 1231 1836 tanta
1262 1796 1307 1835 in
1339 1794 1614 1835 multitudine
1645 1794 1750 1835 locis

334 1872 559 1912 lectionem
588 1868 840 1911 Stobensem
873 1868 1192 1922 praeferendam
1225 1879 1317 1907 esse
1349 1865 1554 1907 vidimus:
1592 1879 1626 1906 v,
1667 1865 1747 1904 157

337 1936 479 1991 ἄλλως
510 1954 584 1995 pro
618 1933 746 1994 ἄλλῳ,
780 1953 818 1979 v.
852 1940 935 1979 457
971 1935 1190 1994 σύμφορόν
1222 1935 1315 1977 ἐστι
1348 1949 1423 1990 pro
1457 1933 1652 1992 01'*,11ch02¹
1683 1932 1749 1976 ἔν-

336 2028 441 2063 εστι,
476 2007 691 2068 σίχιιφερὸν
722 2008 813 2051 ἐστι
850 2011 1044 2051 codicum
1075 2009 1274 2061 Theogn.,
1318 2021 1356 2048 V.
1393 2006 1476 2047 636
1511 2003 1558 2048 οἳ
1583 2019 1658 2060 pro
1692 2000 1750 2057 οὗ,

337 2098 376 2125 v.
415 2084 526 2123 1135
561 2077 821 2136 ἀνθρώποις
851 2078 984 2137 μοι’-νη
1015 2093 1090 2134 pro
1123 2073 1404 2133 ἀνθρώποισι
1439 2073 1559 2133 μόνη.
1634 2075 1751 2124 Quae

337 2160 479 2196 tamon
515 2153 657 2193 omnia
688 2153 733 2192 in
757 2164 933 2192 censum
960 2163 1047 2190 non
1070 2150 1261 2200 veniunt,
1294 2161 1392 2188 cum
1419 2148 1584 2188 facilior
1605 2159 1752 2188 eorum

338 2225 392 2266 sit
425 2223 664 2264 emendatio
699 2236 826 2276 quam
860 2225 908 2262 ut
940 2221 993 2260 ad
1025 2219 1253 2260 Stobaeum
1287 2218 1513 2272 confugere
1546 2231 1653 2272 opus
1687 2219 1751 2259 sit.

338 2294 509 2335 Ceterae
542 2306 688 2334 omnes
720 2294 944 2333 varietates
975 2290 1239 2332 revocandae
1282 2302 1366 2343 qua
1403 2289 1454 2329 ad
1496 2289 1579 2329 tria
1609 2292 1753 2329 nostra

339 2365 627 2405 mutationum
661 2376 831 2417 genera.
865 2375 973 2416 quae
1005 2366 1091 2402 tam
1124 2361 1370 2414 frequenter
1402 2359 1513 2413 apud
1553 2372 1652 2400 eum
1684 2371 1752 2400 oc-

339 2438 531 2487 currunt,
578 2439 626 2474 ut
670 2435 808 2474 omnis
851 2433 1108 2474 lectionibus
1142 2430 1382 2484 deroganda
1414 2430 1644 2471 auctoritas
1687 2430 1752 2482 sit,

339 2519 424 2559 qua
471 2505 525 2545 ad
571 2505 843 2545 librariorum
891 2504 937 2544 in
988 2503 1167 2544 Stobaeo
1221 2502 1456 2542 maximam
1503 2501 1750 2542 socordiam.

340 2576 461 2616 Locis
503 2588 603 2616 vere
648 2575 894 2615 difficilibus
940 2586 1016 2627 ope
1059 2573 1152 2613 eius
1195 2573 1443 2623 deserimur,
1486 2575 1534 2612 ut
1574 2585 1611 2611 V.
1654 2571 1752 2611 620.

341 2647 438 2687 639.
473 2647 567 2687 723.
603 2647 698 2687 724.
736 2644 860 2685 1032.
897 2644 1021 2684 1163.
1058 2642 1181 2682 1164.
1245 2642 1401 2683 Contra
1431 2654 1633 2696 persaepe
1659 2641 1752 2682 Sto-

339 2716 492 2757 benses
534 2717 737 2757 lectiones
784 2720 1002 2769 tantopere
1051 2713 1276 2754 mendosae
1321 2717 1432 2765 sunt,
1475 2716 1525 2754 ut
1556 2712 1752 2753 codicum
