1835 3094
1026 202 1081 244 64

348 342 486 369 unum
520 340 691 368 carmen
724 340 874 368 versus
913 327 1140 378 existimat,
1189 339 1448 380 quamquam
1495 326 1673 367 fortasse
1719 326 1763 366 in

351 402 514 440 arctum
547 399 779 439 redactum.
841 396 1000 437 Tamen
1047 409 1101 437 ne
1132 397 1212 438 hoc
1252 397 1427 451 quidem
1460 397 1560 452 poni
1591 409 1764 438 necesse

350 474 429 511 est:
464 483 602 510 unum
637 469 751 510 enim
784 468 850 508 his
883 466 1079 508 versibus
1113 467 1446 522 absolutumque
1478 479 1649 508 carmen
1677 466 1765 508 effi-

350 542 470 590 citur,
515 541 642 581 cuius
686 542 987 593 argumentum
1032 538 1144 578 hunc
1188 539 1233 578 in
1277 539 1451 580 modum
1483 541 1766 592 interpretan-

351 612 453 652 dum
487 616 561 653 cst.

493 681 610 731 Quae
658 685 887 721 narrantur
934 680 1043 720 fiunt
1089 681 1133 720 111
1167 680 1375 721 convivio.
1440 669 1579 721 ‘Poeta
1612 681 1767 734 quippe

351 755 424 807 qui
472 754 599 807 paulo
632 753 728 807 plus
768 750 988 794 adhiberit,
1036 751 1294 791 vinolentiae
1341 750 1597 792 verbositate
1627 750 1767 792 facere

350 838 436 865 non
484 828 631 878 potest,
676 824 779 877 quin
831 824 1024 863 convivis
1073 835 1188 863 mero
1236 822 1430 862 lascivire
1461 821 1768 876 incipientibus

353 896 473 936 utilia
508 895 713 935 nonnulla
746 894 937 934 suadeat:
974 907 1026 934 110
1059 895 1246 934 excitent
1279 905 1408 947 quem
1442 905 1495 934 ex
1529 894 1630 933 vino
1657 906 1769 934 som-

351 980 433 1007 nus
482 967 636 1020 ceperit
684 978 793 1006 neve
842 965 892 1005 ad
944 965 1242 1005 dormiendum
1291 968 1443 1018 cogant
1496 975 1765 1012 exsomnem3

351 1039 443 1090 cogi
482 1050 648 1091 semper
694 1049 784 1077 esse
830 1036 1127 1077 iniucundum.
1194 1035 1276 1076 Sed
1323 1036 1397 1089 qui
1444 1036 1534 1075 vini
1577 1034 1675 1088 plus
1708 1034 1769 1075 bi-

351 1109 451 1150 bere
486 1109 598 1152 10111,
643 1108 680 1148 01
725 1107 924 1160 poculum
975 1107 1256 1147 ministretur:
1304 1119 1380 1147 1100
1424 1106 1538 1146 enim
1571 1105 1770 1146 omnibus

352 1179 551 1220 noctibus
584 1178 771 1233 gaudere
805 1192 825 1217 a
862 1177 925 1217 (lis
960 1177 1106 1218 datum
1141 1190 1243 1218 esse.
1280 1177 1336 1230 (v.
1370 1175 1636 1230 467—474.)
1671 1175 1771 1217 Sese

353 1256 494 1291 autem
528 1251 680 1304 ipsum.
714 1250 871 1302 quippe
905 1261 1002 1288 cum
1029 1261 1105 1288 1100
1131 1261 1282 1302 parum
1306 1247 1460 1288 biberit
1476 1259 1555 1288 nec
1575 1247 1773 1298 nimium,

354 1321 526 1361 domum
571 1321 659 1371 jam
708 1332 979 1360 reversurum
1027 1333 1082 1361 tx.
1117 1318 1380 1370 475--4781,
1422 1343 1478 1347 -«
1510 1317 1598 1358 Νο0
1629 1320 1771 1358 tamen

352 1393 436 1433 iam
471 1391 575 1432 abit:
612 1391 687 1431 sed
720 1396 766 1431 ut
801 1391 1020 1444 paululum
1058 1390 1331 1441 temulentus,
1373 1402 1501 1443 quam
1533 1388 1644 1430 male
1676 1401 1772 1442 aga—

354 1470 425 1504 tur
457 1477 556 1504 cum
584 1464 646 1509 iis,
681 1463 755 1515 qui
779 1476 862 1502 non
890 1463 978 1515 pari
1010 1465 1136 1514 atque
1159 1462 1248 1515 ipse
1271 1464 1450 1501 utantur
1470 1459 1773 1511 moderatione,

354 1536 478 1575 etiam
513 1534 690 1587 exponit
723 1534 778 1585 (v,
814 1534 1073 1583 4792483).
1137 1532 1283 1573 Unum
1334 1531 1559 1585 praecipue
1607 1542 1659 1571 ex
1706 1542 1772 1570 00-

354 1606 513 1646 dalium
550 1618 741 1648 numero,
776 1618 899 1657 quem
936 1610 1101 1658 praeter
1123 1607 1284 1644 ceteros
1308 1603 1388 1656 ipsi
1409 1602 1632 1642 facientem
1657 1600 1773 1642 videt

355 1678 627 1724 contrarium.v
675 1677 809 1716 amice
860 1677 1089 1729 vituperat,
1150 1674 1264 1728 quod
1319 1673 1558 1726 „ministra“
1607 1684 1774 1726 semper

354 1748 621 1792 vociferetur,
655 1747 940 1787 diversissima
966 1746 1117 1800 pocula
1144 1746 1323 1795 hauriat,
1356 1744 1498 1798 aliquo
1520 1743 1773 1798 propinante

356 1831 581 1872 nunquam
616 1825 803 1858 recuset:
840 1817 1001 1857 ebrium
1027 1830 1123 1857 eum
1146 1816 1360 1865 futurum3
1394 1815 1603 1855 invictum
1629 1818 1771 1854 autem

354 1889 397 1928 in
433 1890 628 1929 convivio
662 1888 820 1931 haberi.
855 1889 925 1941 qui
962 1887 1070 1928 benc
1103 1892 1226 1941 potus
1260 1887 1359 1927 vino
1388 1898 1473 1926 non
1498 1884 1774 1926 succubuerit

355 1961 407 2009 (v.
443 1960 708 2014 4823—492).
752 1984 805 1987 —e
852 1958 1040 1999 Tandem
1086 1972 1129 1998 re
1179 1971 1277 1999 vera.
1324 1961 1445 2011 poeta
1479 1956 1678 1998 convivas
1709 1967 1773 1996 re-

354 2031 551 2083 linquere
583 2035 720 2084 parat:
757 2030 816 2069 illi
850 2029 1080 2070 mineordes
1114 2030 1239 2070 etiam
1266 2031 1466 2069 maneant
1490 2029 1601 2068 inter
1622 2023 1775 2081 pocula

355 2104 395 2141 et
410 2103 619 2142 sermonis
631 2102 852 2141 familiaris
866 2101 978 2154 leges
995 2100 1179 2140 urbanas
1195 2102 1432 2152 sequantur
1449 2100 1500 2150 (v,
1511 2097 1772 2150 493-496).

499 2171 562 2212 Ita
596 2173 631 2212 si
663 2176 963 2225 argumentum
998 2171 1277 2224 explicamus,
1320 2182 1398 2210 nec
1445 2168 1661 2223 dispositio
1694 2180 1774 2209 nec

356 2256 499 2284 rerum
518 2244 646 2283 series
665 2243 982 2283 continuatiove
996 2241 1193 2283 versibus
1205 2240 1375 2281 videtur
1392 2240 1551 2292 deesse,
1566 2239 1774 2279 maxime—

359 2327 442 2368 que
474 2315 616 2365 miror,
650 2314 761 2368 quod
798 2314 1031 2355 doctissimi
1054 2314 1135 2353 viri
1158 2315 1377 2366 tantopere
1400 2323 1470 2351 eos
1492 2302 1772 2351 vexaverunt.

357 2385 489 2426 Velut
521 2398 668 2426 omnes
702 2386 776 2438 qui
809 2386 949 2425 10011111
982 2388 1271 2424 tractaverunt
1310 2396 1348 2423 v,
1384 2380 1617 2434 493—496
1651 2394 1674 2420 a
1707 2392 1773 2421 ce-

358 2457 458 2497 teris
490 2457 642 2497 volunt
674 2456 873 2510 separari,
906 2469 1002 2496 cum
1036 2456 1210 2495 minime
1244 2453 1426 2494 dubium
1448 2452 1552 2492 mihi
1574 2451 1774 2492 videatur

359 2541 463 2580 esse,
497 2528 600 2581 quin
633 2527 686 2567 ad
713 2528 810 2567 475.
835 2528 918 2566 476
953 2527 989 2566 ei
1011 2525 1220 2566 referendi
1246 2525 1342 2577 01111,
1376 2523 1535 2577 quibus
1557 2521 1772 2563 abiturum

360 2612 404 2639 00
437 2612 530 2640 0000
575 2598 793 2639 sodalibus
839 2599 1012 2651 exponit
1055 2599 1189 2651 poeta.
1251 2589 1465 2649 Equidem
1502 2607 1590 2635 non
1623 2593 1772 2634 dubito

359 2669 571 2710 affirmare
610 2682 760 2711 versus
796 2668 1028 2708 467—496
1063 2669 1106 2708 in
1145 2667 1543 2708 venustissimorum
1565 2664 1772 2705 maxime-

361 2754 444 2793 que
475 2742 724 2782 festivorum
759 2751 869 2793 quae
902 2739 1001 2779 novi
1033 2739 1270 2779 carminum
1297 2749 1478 2778 numero
1504 2748 1572 2777 me
1597 2734 1769 2776 nabere:
