1835 3094
1017 162 1045 202 4

328 286 649 340 Heimsoethiil)
679 286 877 326 Mauricii
906 282 1130 337 Schmidt2)
1162 282 1388 337 Renneri3)
1423 284 1734 342 Bernhardtii4)

329 363 370 401 et
415 356 604 409 Hensii5)
653 357 856 408 (virorum
904 355 955 395 de
999 354 1177 395 Stobaeo
1230 359 1396 408 praeter
1441 355 1735 397 Nietzschium

329 431 514 470 maxime
546 425 822 479 meritorum).

467 498 624 549 Restat,
672 500 721 537 ut
766 497 1015 550 priusquam
1066 495 1119 535 ad
1149 495 1264 536 locos
1301 497 1415 550 ipsos
1447 496 1738 550 congerendos·

327 569 607 623 aggredimur,
638 567 915 607 fundamenta
947 566 1089 619 aliqua
1119 578 1344 619 ponamus,
1377 566 1534 621 quibus
1565 568 1649 608 nisi
1681 568 1736 608 ad

326 640 482 680 certius
534 638 585 678 de
632 637 812 691 singulis
863 636 1071 677 iudicium
1117 638 1428 689 perveniamus.
1490 637 1584 678 Hoc
1622 639 1736 678 enim

326 711 572 749 erraverunt
594 708 675 748 viri
695 708 817 760 docti,
844 708 878 747 si
895 710 1007 746 recte
1023 706 1178 758 iudico,
1202 707 1317 760 quod
1339 720 1418 748 nec
1438 708 1628 749 locorum
1645 709 1736 749 lau-

327 779 522 818 datorum
547 779 822 832 proprietates
845 781 884 818 et
902 777 1163 828 singularem
1188 781 1388 818 naturam
1417 779 1517 819 satis
1541 787 1737 820 accurate

325 849 598 902 respicientes
636 861 714 889 nec
754 848 913 902 quibus
952 848 1139 888 maxime
1176 849 1461 889 mutationum
1507 849 1738 903 generibus

327 920 490 960 soleant
522 920 657 960 eidem
692 923 835 973 patere
864 919 1114 972 effingentes
1137 918 1216 958 sibi
1238 920 1283 959 in
1307 920 1462 971 animo,
1484 920 1534 961 de
1558 920 1737 975 singulis

324 991 370 1030 in
403 1003 501 1031 eum
533 990 706 1030 modum
741 991 827 1030 fere
859 990 1170 1041 iudicaverunt,
1202 993 1251 1029 ut
1274 989 1502 1043 probarent
1525 1004 1633 1044 quae
1649 991 1739 1044 pla-

325 1064 485 1113 cerent,
531 1073 640 1114 quae
693 1061 836 1100 minus
885 1061 1046 1114 saporis
1092 1060 1214 1113 quasi
1263 1060 1441 1100 iucundi
1492 1061 1739 1102 viderentur

327 1131 528 1185 praebere
561 1131 776 1171 reicerent.
824 1129 864 1171 N
867 1143 913 1171 00
935 1131 1014 1170 1100
1037 1131 1225 1170 contenti
1249 1130 1443 1184 plerique
1466 1132 1738 1185 maximeque

324 1201 535 1255 Bergkius
568 1202 822 1243 testimoniis
854 1200 1044 1255 praebita
1067 1202 1239 1240 omnino
1262 1213 1359 1241 011111
1386 1201 1530 1242 favore
1553 1202 1736 1255 quodam

324 1272 649 1325 amplectuntur,
683 1286 766 1325 quo
799 1284 847 1312 ea
878 1271 1055 1311 minime
1089 1271 1216 1324 digna
1248 1284 1340 1312 esse
1371 1271 1624 1326 probaturos
1658 1285 1736 1313 nos

324 1356 557 1396 speramus.
619 1342 675 1383 Et
706 1343 778 1382 illa
811 1354 919 1395 quae
952 1343 1379 1383 commemoravimus
1411 1355 1568 1396 genera
1599 1346 1736 1384 muta-

323 1414 487 1453 tionum
520 1414 599 1454 tria
631 1414 855 1454 statuenda
886 1412 1108 1453 videntur:

469 1484 512 1535 1)
558 1484 666 1525 Cum
714 1485 787 1538 qui
835 1485 979 1537 aliqua
1012 1484 1187 1524 laudant
1216 1484 1260 1524 id
1292 1487 1432 1537 agant,
1463 1487 1511 1525 ut
1543 1497 1652 1538 quae
1685 1485 1738 1525 ad

324 1554 585 1595 afferendum
630 1556 816 1595 maxime
864 1555 1017 1595 idonea
1064 1555 1149 1595 sint
1197 1568 1219 1594 a
1251 1555 1402 1595 ceteris
1436 1555 1593 1608 quibus
1625 1568 1738 1596 nexa

323 1627 423 1664 sunt
446 1624 695 1679 disiungant
719 1629 758 1666 et
781 1626 869 1665 sola
893 1626 1082 1677 afferant,
1104 1626 1348 1678 saepissime
1370 1625 1500 1665 verba
1515 1628 1738 1666 mutentur

322 1707 496 1735 necesse
535 1701 597 1736 est
637 1696 689 1735 ad
722 1697 1083 1736 constructionem
1114 1697 1396 1750 interruptam
1429 1696 1736 1737 restituendam

324 1770 364 1806 et
409 1767 452 1805 111
501 1765 720 1807 absolutae
770 1768 1004 1807 sententiae
1048 1767 1227 1806 formam
1265 1767 1408 1807 locum
1439 1767 1736 1820 redigendum.

324 1836 466 1889 Velut,
484 1838 519 1877 si
543 1838 738 1890 exemplo
762 1838 982 1877 tritissimo
1006 1838 1067 1877 uti
1090 1838 1199 1889 licet,
1222 1849 1299 1877 nos
1318 1849 1483 1890 semper
1499 1837 1733 1879 afferimus:

325 1906 447 1959 „Man
481 1908 619 1948 merkt
651 1908 717 1948 die
739 1907 919 1948 Absicht
954 1908 1040 1948 und
1072 1921 1172 1948 man
1204 1907 1310 1947 wird
1334 1908 1606 1962 verstimmt“,
1638 1921 1736 1949 cum

323 1978 366 2016 in
401 1977 545 2018 fabula
576 1978 758 2032 legatur:

539 2081 558 2101 „
592 2081 848 2089 .......
884 2049 970 2088 und
1001 2061 1127 2089 wenn
1157 2049 1217 2089 sie
1247 2048 1357 2089 auch
1394 2047 1603 2102 (Leonora
1633 2049 1737 2089 San-

608 2119 735 2160 vitale
768 2119 936 2171 dicitur)

465 2224 498 2265 1)
524 2223 820 2258 Emendationum
840 2223 1142 2267 Theognidearum
1159 2225 1232 2257 tres
1248 2224 1377 2267 partes.
1398 2223 1605 2259 1874.1875
1632 2224 1734 2259 1876.

463 2283 498 2325 2)
525 2283 1021 2327 Verbesserungsvorsohlage
1036 2294 1080 2316 zu
1093 2282 1329 2327 schwierigen
1345 2281 1477 2316 Stellen
1494 2282 1736 2326 griechischer

322 2341 578 2375 Schriftsteller
637 2341 765 2376 Rhein.
798 2340 889 2374 Mus.
916 2341 960 2376 N.
992 2343 1026 2376 F.
1052 2341 1190 2384 XXVI,
1233 2352 1264 2384 p.
1298 2341 1364 2375 161
1391 2350 1466 2384 sqq.
1499 2340 1736 2385 (Theognidea

323 2410 355 2442 p.
383 2400 451 2435 184
476 2400 580 2445 sqq).

463 2458 498 2500 3‘)
526 2458 756 2500 Quaestiones
791 2459 833 2492 de
867 2458 1017 2492 dialecto
1048 2457 1257 2502 antiquioris
1284 2458 1497 2492 Graecorum
1522 2458 1637 2502 poesis
1663 2458 1734 2493 ele-

321 2515 441 2560 giacae
467 2519 501 2550 ot
525 2517 705 2551 iambicae.
758 2517 900 2551 Curtius
927 2516 1025 2551 Stud.
1052 2517 1154 2552 1868.

462 2576 498 2619 4)
525 2574 758 2617 Quaestiones
791 2575 988 2610 Stobenses.
1039 2576 1140 2612 1861.
1190 2575 1355 2619 Repetita
1392 2575 1476 2610 diss.
1510 2575 1548 2609 in
1572 2575 1616 2609 N.
1642 2575 1734 2611 Mus.

320 2633 388 2668 Rh.
414 2633 531 2677 XVII,
558 2645 590 2677 p.
616 2635 686 2669 465
712 2645 787 2678 sqq.

463 2692 498 2737 5)
523 2693 709 2727 Lectiones
734 2693 933 2727 Stobenses,
984 2692 1087 2727 1872.
