1835 3094
960 186 1018 228 44

284 316 511 356 lectionem
546 319 587 355 et
618 313 905 368 recipiendam
940 314 1032 354 sine
1065 313 1329 355 dubitatione
1372 314 1418 354 in
1449 313 1705 368 Theognidis

283 390 469 438 textum,
501 387 559 426 ita
607 389 749 426 tamen
796 388 844 425 ut
890 397 965 438 pro
1010 379 1152 426 πλεῦιῗ
1200 385 1411 426 scribatur
1447 383 1585 426 πλεῖν.
1647 385 1706 425 Α1

283 457 468 510 primum
503 456 676 510 quidem
710 468 793 509 quo
825 456 917 495 iure
949 456 1015 495 vir
1037 455 1186 496 doctus
1219 455 1346 497 «πλεῖν
1375 455 1558 496 formam
1589 467 1706 496 mere

284 528 473 568 Atticam
515 527 747 581 Theognidi
798 525 1000 566 obtrudat
1043 539 1130 566 11011
1171 526 1306 567 video.
1374 526 1543 568 Stobaei
1585 537 1705 580 prae-

285 599 456 650 claram,
490 601 538 638 ut
571 597 717 650 credit,
747 597 974 638 lectionem
1020 597 1055 638 si
1087 599 1136 637 ut
1168 597 1387 650 elegorum
1423 597 1562 638 textui
1591 597 1705 638 inse-

284 672 394 710 reret
427 669 562 709 voluit
606 668 792 720 edolare,
824 681 898 722 pro
943 669 1086 723 inepto
1131 669 1327 709 neutrius
1371 667 1526 722 plurali
1557 661 1702 708 πλεῧιῖ

284 740 438 781 melius
472 740 710 793 scripsisset
729 738 868 785 πλεῖ-ι’,
906 740 1102 780 neutrius
1130 739 1360 792 singularis
1385 739 1566 779 formam
1590 737 1705 779 Ioni-

284 824 375 851 cam
410 814 449 852 et
482 811 694 852 Doricam.
758 809 839 851 Sed
865 811 1037 851 omnino
1070 810 1247 864 indigna
1268 822 1442 864 prorsus
1474 812 1538 851 est
1563 808 1706 851 Nietz-

284 882 389 922 schii
421 882 548 922 laude
580 880 799 922 Stobcnsis
831 881 966 921 lectio.
1000 880 1110 921 Nam
1142 894 1240 922 011111
1274 895 1312 923 v,
1339 881 1422 921 605
1457 880 1621 921 dictum
1652 881 1707 922 sit

499 951 649 1007 πολλῷ
687 968 746 993 rot
784 949 970 1001 πλέονας
1001 951 1127 1005 λιμοῖ·
1158 949 1283 1008 κόρος
1317 945 1474 993 ὤλεσεν
1504 944 1609 1009 ἤδη

284 1036 368 1076 quo
415 1024 456 1063 in
504 1035 632 1064 versu
677 1016 757 1080 ἤδη
800 1022 1007 1063 vocabulo
1052 1022 1347 1077 prohibemur,
1391 1035 1445 1064 ne
1496 1023 1704 1063 aoristum

282 1095 537 1150 guomicum,
563 1095 863 1135 existimemus
898 1087 1069 1145 ὤλεσεν,
1102 1095 1144 1134 in
1180 1095 1377 1148 proximo
1409 1106 1539 1134 versu
1569 1093 1705 1148 posei-

283 1168 353 1205 1111·
385 1172 527 1219 aperte
550 1164 668 1205 verbi
701 1169 868 1218 teinpus
900 1165 1188 1219 praeteritum,
1222 1165 1335 1219 quod
1359 1168 1472 1206 recte
1501 1163 1706 1219 praebent

284 1235 403 1276 codd.
436 1235 641 1289 Tlieogn.:

499 1300 668 1361 ἄνδρας,
703 1302 795 1348 ὅσοι
830 1304 984 1364 μοίρης
1016 1307 1168 1349 :sistor
1199 1303 1311 1359 ἔχειν
1341 1304 1534 1349 ἔθελον.

286 1377 454 1418 Stobaei
489 1382 631 1418 contra
666 1378 788 1419 lectio
822 1379 925 1419 adeo
960 1392 1043 1419 non
1078 1378 1226 1419 melior
1259 1382 1322 1419 est
1345 1391 1474 1432 quam
1497 1377 1707 1418 librorum

284 1448 486 1503 '1¹lieog1i.,
531 1454 577 1489 ut
624 1449 749 1503 plane
805 1449 910 1490 falsa
958 1450 1011 1491 sit
1058 1449 1343 1490 existimanda
1391 1452 1432 1490 et
1477 1448 1708 1490 tribuenda

285 1520 571 1573 compilatoris
590 1520 892 1561 consuetudini
912 1522 1163 1575 scriptorum
1179 1533 1286 1574 quae
1302 1519 1556 1573 excerpebat
1577 1518 1707 1560 verba

284 1591 419 1630 veloci
462 1591 584 1631 oculo
624 1593 910 1644 percurrentis
950 1592 1086 1646 magis
1127 1604 1254 1644 quam
1298 1591 1529 1645 diligentur
1560 1594 1600 1631 01
1637 1603 1706 1631 ac-

284 1666 427 1701 curate
459 1662 725 1715 perlegentis.
790 1662 1010 1704 Secundae
1051 1662 1178 1703 classi
1217 1666 1385 1703 nostrae
1429 1661 1623 1703 adscribo
1656 1673 1705 1702 eo

284 1733 448 1772 minore
497 1732 779 1783 dubitatione,
815 1733 926 1786 quod
965 1734 1010 1773 111
1057 1733 1292 1787 praesentis
1336 1745 1411 1786 pro
1459 1731 1705 1786 imperfecto

284 1802 634 1844 substitutionem
679 1805 825 1845 minus
864 1804 1045 1858 diligens
1068 1804 1199 1845 lector
1230 1805 1295 1857 (ut
1329 1803 1449 1844 docet
1471 1801 1706 1844 Nietzsc-hii

285 1874 546 1927 exemplum)
580 1874 780 1916 facillime
812 1880 949 1929 potest
993 1875 1201 1918 incidere:
1257 1874 1494 1928 simplicius
1540 1874 1702 1914 dictum

284 1945 453 1985 videtur
486 1954 525 1986 et
558 1947 610 1986 ad
642 1947 839 1999 generale
873 1947 1109 1987 sententiae
1133 1949 1434 2000 argumentum
1469 1957 1706 1985 accommo-

283 2016 437 2057 datius.
471 2042 528 2046 —

429 2101 464 2127 v.
501 2087 779 2133 &OT—610.
816 2089 881 2139 12,
918 2089 981 2127 17.
1044 2101 1082 2127 v.
1108 2086 1190 2127 (307
1215 2086 1327 2128 Stob.
1349 2099 1424 2140 pro
1458 2080 1566 2142 ἀρχῇ
1598 2079 1706 2141 ἀρχῆ,

284 2159 445 2212 inepte:
480 2159 686 2199 mendum
718 2158 903 2199 librariis
938 2160 1030 2199 sine
1063 2158 1193 2199 dubio
1226 2157 1513 2198 tribuendum.
1553 2170 1591 2196 v,
1619 2156 1705 2196 609

285 2229 401 2272 Stob.
450 2230 568 2270 codd.
608 2229 706 2270 AB
747 2234 786 2270 et
834 2242 981 2270 omncs
1026 2230 1255 2270 deteriores
1302 2228 1401 2268 libri
1446 2227 1706 2282 Theognidei

285 2303 600 2354 προσοιιιαρῑεῑ,
649 2301 805 2341 falsum
853 2303 1023 2354 propter
1069 2298 1221 2355 ἐξέλθῃ
1269 2300 1314 2339 111
1359 2312 1395 2338 V.
1430 2298 1532 2351 610,
1575 2298 1705 2339 ceteri

285 2371 396 2412 Stob.
431 2371 526 2411 libri
559 2376 598 2412 et
631 2371 887 2412 Mutinensis
919 2377 1032 2412 recte
1065 2371 1358 2427 προσομαριῇ.

427 2456 465 2483 v.
502 2442 790 2482 (HT—618.
827 2443 892 2493 98,
928 2443 991 2481 55.
1055 2455 1092 2481 v.
1128 2442 1212 2482 618
1246 2440 1420 2482 πολλῶν
1454 2438 1487 2480 Ο
1513 2439 1573 2493 (et
1604 2438 1638 2479 E
1671 2437 1705 2479 L

286 2513 515 2553 deteriores
568 2513 678 2562 libri)
732 2512 882 2567 πολλῷ
929 2512 968 2552 Κ
1001 2525 1055 2553 ex
1108 2514 1370 2565 coniectura,
1416 2512 1458 2552 A
1490 2514 1529 2551 et
1575 2510 1705 2551 ceteri

285 2596 432 2624 ornnes
465 2581 637 2625 πολλὸν.
701 2583 909 2624 Stobaeus
949 2588 998 2623 ut
1030 2582 1070 2623 Κ
1107 2583 1281 2636 praebet
1318 2582 1469 2638 πολλῷ
1502 2581 1550 2632 (Β
1585 2580 1703 2621 solus

285 2654 461 2695 πολλῶν
492 2655 656 2695 librarii
691 2658 858 2707 errore).
924 2654 1073 2710 πολλῷ
1111 2655 1243 2707 igitur
1282 2655 1397 2694 0111111
1436 2656 1550 2694 caret
1587 2655 1704 2692 certa

285 2727 546 2767 auctoritate.
611 2726 663 2766 In
695 2725 746 2777 K,
780 2727 854 2779 qui
887 2725 1023 2766 codex
1055 2725 1292 2778 descriptus
1325 2728 1389 2765 est
1421 2735 1475 2763 ex
1498 2721 1544 2775 O,
1578 2721 1705 2762 debe-
