1835 3094
1031 205 1085 247 52

333 330 379 370 in
427 336 571 384 aperto
618 342 794 383 prorsus
841 341 935 370 esse
973 330 1179 383 videatur,
1229 335 1371 372 tamen
1404 333 1579 384 excepto
1610 330 1756 372 Nietz-

335 399 489 452 schiol)
523 413 546 440 a
578 400 697 440 nullo
731 401 899 454 cognita.
921 403 993 440 est.
1057 400 1310 442 Welckerus
1327 401 1496 443 Stobaci
1527 401 1752 443 lectionem

335 471 636 525 pravissimam
669 472 711 511 in
746 474 912 512 textum
944 471 1104 524 recepit
1126 475 1166 512 et
1186 473 1229 512 in
1252 472 1513 526 praefatione
1535 485 1572 526 p.
1595 471 1755 525 XCIX,

337 541 413 582 ubi
445 542 532 595 agit
564 541 615 581 de
648 542 910 582 carminibus
943 542 1251 594 convivalibus,
1285 556 1322 583 V.
1359 542 1470 583 1129
1503 542 1607 595 (613
1640 542 1755 597 apud

339 611 566 664 Welcker.)
619 613 664 652 in
697 612 940 667 Theognide
974 613 1214 665 ,scoliorum
1246 615 1349 655 usui
1378 614 1474 654 levi‘
1507 613 1757 668 adaptatum

340 695 431 724 esse
454 683 568 733 dicit,
589 684 725 736 posito
748 687 912 724 tantum
938 684 982 723 in
1005 684 1140 724 fronte
1165 680 1203 725 εἰ
1228 681 1389 736 :noum
1410 684 1500 725 sive
1521 681 1757 738 ἒμπίομαιὶ

340 753 428 795 Nec
455 753 667 807 Bergkius
700 755 745 794 111
777 754 889 795 Mus.
917 753 1051 794 Rhen.
1084 768 1121 808 p.
1149 755 1233 795 400
1267 767 1416 795 verum
1449 755 1628 808 invenit,
1660 768 1760 796 cum

341 824 571 866 Stobaeum
604 824 672 864 hic
706 825 909 867 iudicaret
942 839 1093 867 versus
1129 827 1313 878 initium,
1346 825 1462 878 quod
1495 825 1620 865 etiam
1651 826 1696 866 in
1719 824 1760 866 Κ

342 896 449 936 libro
500 899 748 949 corruptum
797 903 920 948 esset,
967 897 1049 951 legi
1094 910 1181 937 non
1225 896 1415 950 potuisse
1462 899 1503 936 et
1540 899 1761 950 propterea

343 960 437 1007 oiim
472 981 515 1020 γε
549 962 633 1022 μὴν
664 966 770 1006 illud
808 968 1015 1021 posuisse.
1079 967 1132 1008 M.
1167 966 1359 1009 Schmidt
1391 966 1415 1006 1.
1447 966 1474 1007 l.
1508 980 1547 1021 p.
1585 966 1682 1020 190,
1719 970 1762 1008 et

344 1038 520 1077 minime
574 1038 804 1090 perspectis
852 1042 1005 1078 natura
1053 1044 1180 1092 atque
1226 1038 1367 1078 indole
1418 1050 1515 1078 cum
1569 1037 1761 1078 loc-orum

346 1108 618 1149 laudatorum
646 1112 737 1148 tum
755 1107 922 1149 Stobaei
942 1110 1266 1163 compilationiS,
1298 1112 1339 1150 et
1355 1107 1527 1162 Bergkii
1550 1108 1678 1149 simul
1710 1108 1765 1149 de

345 1176 585 1232 geeitedm'm
618 1178 798 1219 lectione
832 1191 973 1220 erroro
1005 1180 1225 1234 pellectus,
1268 1183 1495 1233 utramque
1527 1179 1767 1232 lectionem,

349 1255 388 1291 et
420 1251 510 1291 cod.
545 1250 582 1289 A
618 1253 658 1289 et
683 1249 850 1290 Stobaei
883 1250 1173 1292 infelicissime
1197 1250 1518 1305 conglutinavit,
1540 1262 1640 1290 cum
1662 1251 1765 1291 scri-

352 1321 536 1361 bendum
572 1326 837 1374 proponeret:

423 1389 544 1444 :Qum
578 1405 619 1445 γε
652 1387 736 1447 μὴν
770 1389 920 1448 ,πενίης
957 1389 1241 1448 ,Ἰν-,ιιοιῙῖΙ-ὀροι·
1274 1385 1320 1433 οἷ’
1350 1388 1601 1444 μελεδαίνω.
1635 1415 1690 1419 —

494 1476 532 1501 v,
570 1462 712 1501 1135.
750 1460 846 1510 100,
882 1463 946 1514 12,
980 1463 1023 1502 in
1055 1461 1296 1516 'Pheognide
1328 1456 1609 1516 ἀνθρώποισι
1642 1459 1766 1518 μόνη,

353 1533 464 1574 Stob.
499 1527 759 1585 (ἶιπἸρινίΛυις
789 1530 932 1589 ,ιιοίῚηΓ
1012 1532 1105 1573 Non
1155 1533 1302 1574 dubito
1352 1534 1455 1586 quin
1493 1536 1605 1573 recte
1637 1531 1771 1586 Berg-

353 1605 450 1644 kius
473 1602 638 1644 Stobaei
677 1604 898 1644 lectionem
935 1605 1150 1658 receperit,
1183 1604 1294 1657 quod
1323 1609 1362 1645 et
1394 1605 1505 1658 apud
1528 1604 1768 1646 Homerum

355 1675 441 1716 sola
490 1674 622 1714 forma
671 1675 824 1725 ¹uos-rog
856 1675 1021 1728 legitur.
1064 1687 1148 1715 non
1197 1672 1335 1727 μόνος.
1374 1675 1608 1730 itidemque
1655 1675 1770 1730 apud

353 1745 651 1799 'l‘heognide1n,
699 1746 772 1787 cfr.
809 1759 843 1785 v.
881 1746 973 1786 130.
1009 1746 1104 1785 222.
1139 1746 1234 1785 (396.
1272 1746 1366 1787 772.
1445 1746 1646 1787 Attamen
1691 1758 1771 1787 nec

356 1817 406 1857 ad
440 1815 677 1856 faciendam
725 1815 833 1855 hanc
872 1817 1150 1857 mutationem
1199 1829 1305 1870 opus
1353 1820 1414 1857 est
1455 1817 1509 1857 ad
1540 1815 1767 1858 Stobaeum

356 1899 575 1928 recurrere
624 1898 700 1926 nec
750 1898 797 1925 eo
845 1888 960 1939 quod
1008 1887 1119 1941 apud
1168 1887 1283 1928 hunc
1331 1891 1469 1928 exstat
1513 1887 1639 1928 lectio
1681 1887 1773 1927 ullo

356 1959 481 1999 modo
515 1970 659 1997 veram
709 1969 800 1997 eam
847 1970 939 1998 esse
973 1958 1306 1998 demonstratur:
1354 1958 1433 1998 hoc
1478 1958 1592 1998 enim
1630 1970 1684 1999 ex
1716 1958 1772 1999 iis

359 2042 467 2082 quae
528 2028 754 2080 hucusque
821 2028 1135 2082 disputavimus
1188 2029 1299 2068 inter
1351 2041 1497 2069 omnes
1549 2028 1775 2081 constabit,

356 2101 559 2140 lectiones
578 2097 805 2138 Stobenses
832 2100 1175 2140 coniecturarum
1199 2103 1366 2140 tantum
1388 2099 1572 2153 pretium
1604 2097 1775 2149 habere,

358 2171 516 2211 maiore
549 2169 798 2215 auctoritate
830 2182 914 2209 non
948 2170 1170 2224 praeditas.

504 2255 539 2280 v.
576 2239 932 2280 1153—1156.
970 2241 1065 2292 103,
1104 2241 1163 2280 14.
1226 2239 1355 2281 Nulla
1389 2240 1682 2294 discrepantia.

502 2326 539 2350 v.
576 2312 924 2352 1151—1160.
957 2310 1026 2363 91,
1050 2312 1115 2351 26.
1149 2325 1214 2351 vv.
1242 2311 1364 2351 1157.
1402 2311 1513 2351 1158
1547 2324 1570 2351 a
1593 2309 1775 2351 Stobaeo

361 2383 448 2424 solo
481 2384 635 2423 servati
681 2390 799 2434 sunt,
832 2384 876 2423 in
910 2382 1127 2423 codicibus
1167 2383 1319 2422 nostris
1353 2382 1618 2422 omittuntur.
1679 2380 1773 2421 Pri-

360 2467 456 2494 mus
508 2454 552 2493 111
597 2457 762 2493 textum
812 2466 882 2494 eos
929 2454 1086 2507 recepit
1134 2457 1206 2493 aut
1239 2452 1421 2493 Vinetus
1468 2453 1606 2501 (cuius
1645 2452 1775 2493 editio

505 2570 536 2612 1)
565 2569 587 2602 l.
614 2569 635 2603 l,
663 2580 694 2612 p.
724 2568 807 2604 187:
847 2597 866 2613 ev
895 2598 901 2605 .
930 2599 936 2605 .
966 2602 972 2608 ,
1000 2581 1090 2604 wem
1131 2569 1323 2603 verdankte
1351 2568 1522 2603 Stobaeus
1559 2568 1659 2602 diese
1685 2568 1770 2602 Les-

363 2628 442 2661 art'?
470 2627 552 2661 sich
586 2626 707 2670 selbst,
735 2628 835 2661 nicht
859 2627 1306 2672 seinemTheogniscodex.
1356 2627 1429 2661 Das
1445 2631 1610 2672 ἐμπιόμαι
1626 2637 1778 2661 unsel-er

362 2686 639 2720 Hamjlscln'ifteu
677 2686 839 2720 erschien
877 2687 951 2721 ihm
988 2686 1231 2721 unmoralisch
1258 2686 1331 2720 111111
1354 2687 1502 2729 unniitz,
1542 2686 1609 2720 den
1634 2685 1775 2729 Haupt-

362 2745 543 2786 gedankon
570 2745 749 2779 stoi-endf'·
