1835 3094
1008 188 1063 230 66

324 318 462 361 τῶνδε
492 317 674 359 verbum
707 329 805 357 cum
839 316 890 356 ad
923 316 1054 356 totius
1086 315 1288 356 carminis
1317 324 1422 369 quas
1454 327 1585 368 supra
1615 326 1747 368 expo-

324 392 493 433 suimus
548 388 737 429 indolem
786 400 834 428 ae
888 389 1089 427 naturam
1140 385 1631 426 accommodatissimum
1680 385 1748 437 sit,

327 462 484 515 quippe
517 472 601 514 quo
633 471 709 513 pro
741 457 951 498 bonorum
977 460 1198 511 poetarum
1226 456 1536 497 consuetudine
1565 456 1612 496 in
1632 456 1748 510 ipsas

323 545 393 573 res
426 531 568 572 statim
615 529 953 580 introducamur,
996 527 1234 580 Athenaeo,
1281 528 1355 580 qui
1402 527 1502 568 solis
1549 525 1748 568 versibus

327 602 427 643 467.
460 602 546 642 469
580 600 814 641 sententiae
858 599 950 639 1000
1003 601 1213 651 uteretur,
1243 610 1418 652 prorsus
1468 597 1551 638 fuit
1595 597 1749 638 inutile

325 674 472 727 itaque
503 672 646 726 posuit
675 683 752 725 pro
785 683 834 711 eo
865 668 979 728 μήτ’,
1012 670 1127 724 (1110(1
1160 683 1197 710 v,
1225 667 1312 708 469
1333 665 1442 725 μήθ’
1470 663 1627 710 εὕδοντ’
1659 667 1749 709 κτλ.

327 743 567 799 respondet.
617 742 968 783 Schneidewinus
1001 746 1042 782 et
1073 740 1355 793 Hartungins,
1387 742 1435 780 ut
1467 739 1518 779 de
1543 742 1630 779 toto
1662 751 1752 779 car-

328 816 446 856 mine
488 826 710 869 perperam
755 813 1007 860 sentientes,
1039 812 1116 852 1100
1159 824 1334 864 quoque
1365 812 1457 852 1000
1490 813 1754 861 erraverunt,

329 899 429 927 cum
461 885 671 926 Athenaei
703 884 927 924 lectionem
961 884 1206 937 reciperent.
1241 907 1294 910 —

472 969 510 996 v.
544 954 838 996 477—486.
874 954 928 1005 X,
956 955 1041 994 428
1075 952 1123 994 D.
1169 966 1205 992 v.
1239 952 1322 992 477
1357 952 1607 994 Athenaeus
1647 947 1750 1011 ἥκω,

326 1026 586 1083 Theognidis
624 1025 721 1066 libri
754 1027 902 1080 optimi
934 1026 971 1066 A
997 1024 1030 1066 O
1060 1020 1157 1082 ἥξω.
1219 1023 1347 1064 Recte
1386 1022 1638 1064 Leutschius
1669 1023 1694 1064 l.
1726 1023 1752 1064 l.

330 1099 473 1153 posuit
506 1093 592 1153 ἥξω
623 1098 670 1137 111
702 1092 804 1153 ἥκω,
846 1097 960 1151 quod
992 1097 1036 1137 in
1070 1108 1274 1136 versuum
1309 1107 1418 1148 quae
1450 1098 1514 1135 est
1544 1095 1588 1134 in
1621 1093 1753 1135 Theo-

329 1169 459 1224 gnide
482 1169 783 1209 coniunctione
805 1168 975 1209 tolerari
1008 1168 1170 1221 nequit,
1203 1170 1423 1220 propterea
1456 1164 1507 1206 ab
1531 1165 1752 1206 Athenaeo

331 1243 547 1281 mutatum
604 1252 710 1289 esse,
743 1243 791 1280 ut
834 1252 901 1279 vv.
936 1236 1212 1287 477—486‚
1247 1249 1354 1290 quos
1402 1236 1514 1277 solos
1563 1249 1619 1278 ex
1666 1239 1754 1277 toto

333 1316 529 1366 poemate
552 1311 706 1363 attulit,
739 1323 909 1351 carmen
930 1309 1180 1349 viderentur
1209 1311 1346 1348 totum
1371 1310 1498 1360 atque
1528 1308 1755 1362 integrum.
1811 1326 1816 1327 ⁷

333 1382 418 1424 Sed
437 1377 523 1439 ἥξω
546 1395 568 1422 a
586 1381 734 1422 multis
756 1382 800 1421 in
820 1380 1124 1421 dubitationem
1145 1382 1362 1420 vocatum:
1397 1378 1598 1420 nonnulli
1616 1374 1755 1431 δείξω,

339 1453 454 1507 quod
502 1454 546 1493 111
593 1452 764 1493 duobus
797 1451 1082 1492 deterioribus
1126 1450 1247 1491 libris
1280 1449 1326 1502 (O
1359 1448 1414 1505 G)
1457 1450 1629 1504 legitur,
1660 1462 1757 1504 pro-

334 1527 594 1579 posuerunt,
638 1523 710 1563 alii
763 1522 1054 1563 adhibuerunt
1101 1522 1389 1574 coniecturas,
1435 1523 1483 1561 ut
1529 1520 1757 1575 Emperius

334 1592 461 1652 λήξω,
494 1595 738 1635 Ahrensius
770 1592 862 1646 ἔξω,
896 1592 1127 1646 Bergkius,
1159 1592 1369 1633 Athenaei
1413 1592 1634 1646 sequentis
1665 1604 1759 1633 ver-

337 1679 412 1707 sus
454 1666 680 1706 lectionem
712 1666 945 1718 respiciens
977 1661 1058 1716 ἐξω
1092 1697 1099 1704 .
1134 1696 1142 1704 .
1177 1696 1185 1704 .
1218 1695 1229 1704 .
1272 1656 1365 1704 οἵτε
1406 1678 1447 1704 τι
1482 1659 1628 1721 νήφων
1658 1656 1757 1716 εἶμ’,

337 1730 433 1778 οἷ’-τε
464 1733 560 1793 λίην
589 1733 784 1789 1ιιεθ·ί·ων;
820 1735 955 1788 „foras
973 1734 1042 1775 ibo
1075 1747 1215 1787 neque
1234 1733 1403 1775 sobrius
1425 1747 1600 1788 prersus
1617 1746 1759 1788 neque

337 1808 468 1848 nimis
507 1807 689 1859 ebrius,“
724 1806 985 1847 Schmidtius
1030 1806 1054 1845 1.
1094 1805 1119 1846 1.
1162 1819 1199 1858 p.
1241 1805 1322 1846 187
1366 1802 1495 1858 ἔξοιδ’
1546 1799 1604 1854 ὡς
1647 1799 1761 1855 οἶνος

339 1878 429 1920 κτλ.
465 1877 678 1932 (011111111111
697 1879 789 1918 sine
817 1877 944 1918 dubio
977 1876 1302 1928 infelicissima).
1348 1875 1462 1925 Quas
1495 1876 1760 1917 coniecturas

339 1950 684 2002 mutationesque
717 1961 863 1989 omnes
896 1960 988 1989 esse
1021 1947 1263 2002 superfluas
1296 1950 1337 1988 et
1358 1947 1615 2001 optimorum
1649 1946 1761 1987 codi-

341 2033 441 2060 cum
490 2019 743 2060 servandam
789 2020 1015 2062 lectionem
1061 2019 1319 2075 Leutschius
1362 2017 1387 2058 1.
1426 2017 1450 2057 l.
1485 2017 1646 2071 docuit,
1689 2018 1763 2071 qui

340 2087 428 2146 ἥξω
462 2103 638 2143 „rursus
673 2090 787 2131 domi
820 2093 914 2132 010ιι
947 2095 1060 2132 recte
1091 2092 1392 2144 interpretatus
1426 2091 1508 2141 est,
1538 2089 1597 2129 ita
1629 2091 1676 2129 ut
1708 2088 1762 2129 ad

343 2157 483 2202 ‹Tmzd'
534 2158 630 2212 ἰὼν,
679 2161 810 2202 verba
852 2162 1151 2216 praecedentia
1193 2160 1466 2201 referendum
1505 2160 1569 2200 sit.
1622 2155 1760 2212 δείξω,

342 2232 457 2286 (111οᾶ
480 2232 709 2273 deteriores
734 2233 796 2273 illi
829 2233 947 2275 codd.
968 2233 1184 2285 exhibent,
1215 2232 1261 2272 in
1283 2234 1452 2272 textum
1470 2242 1546 2284 per
1577 2230 1764 2284 aliquem
1827 2251 1835 2267 .=

343 2304 575 2357 inrepsisse
609 2305 770 2358 opinor,
797 2305 998 2358 quihanc
1014 2304 1264 2345 relationem
1296 2314 1384 2342 non
1413 2300 1688 2355 intellegeret.
1707 2325 1762 2330 —-

485 2388 523 2414 v.
569 2373 666 2416 478.
738 2375 892 2416 Athen.
960 2368 1056 2417 οἷ”τέ
1107 2391 1150 2416 τι
1198 2370 1345 2430 νῇφων
1391 2366 1476 2425 εἶμ’
1526 2364 1620 2414 οἷ’·τε
1666 2368 1764 2413 λίαν

341 2442 530 2499 μεθύων,
549 2445 734 2499 Theogn.
753 2446 842 2486 eod.
864 2447 915 2486 A.
940 2438 1035 2487 olsre‘
1052 2461 1091 2486 τι
1117 2441 1196 2501 γὰρ
1223 2441 1345 2501 νὴφω
1374 2435 1467 2484 οἵτε·
1484 2439 1580 2500 λίην
1598 2439 1762 2496 μεθέω,

343 2516 457 2556 idem
506 2516 634 2557 ceteri
676 2516 795 2557 codd.
843 2529 891 2557 ea
939 2516 1203 2563 diversitate,
1241 2518 1289 2555 ut
1332 2527 1407 2569 pro
1456 2530 1497 2555 τι
1533 2529 1600 2556 τοι
1644 2526 1763 2568 prae-

344 2586 484 2640 beant,
533 2587 649 2640 quod
700 2590 834 2628 metro
880 2591 1102 2641 repugnat.
1177 2587 1229 2628 In
1276 2585 1533 2626 Mutinensis
1581 2585 1763 2626 lectione

347 2657 452 2710 quid
498 2658 636 2712 possis
683 2659 992 2713 reprehendere
1030 2671 1115 2698 non
1153 2657 1365 2710 intellego.
1427 2655 1589 2696 Multae
1620 2659 1762 2696 tamen

345 2729 665 2770 emendationes
696 2732 944 2783 propositae,
976 2742 1073 2770 cum
1107 2742 1131 2769 a
1161 2728 1376 2782 plerisque
1413 2727 1557 2768 nescio
1596 2739 1680 2780 qua
1712 2725 1764 2766 de
