1835 3094
1036 216 1085 258 16

359 342 461 382 dicit
493 340 787 382 Stobaeum
819 339 878 379 ita
908 339 1071 391 fecisse,
1115 340 1195 380 hoe
1231 340 1329 381 feeit
1368 340 1585 382 brevitatis
1622 353 1771 393 causa3

360 425 462 452 nam
495 424 549 452 ex
585 412 638 451 iis
672 422 782 463 quae
807 423 845 463 p.
871 409 955 450 188
988 410 1156 464 profert,
1187 411 1296 451 illud
1329 411 1443 465 quod
1465 410 1777 452 Bernhardtius

361 482 583 523 ostendere
633 481 798 521 studuit
846 480 896 521 de
946 480 1114 521 duobus
1160 480 1378 536 florilegiis
1424 495 1448 522 a
1479 481 1658 523 Stobaeo
1705 482 1776 522 ad-

358 552 513 604 hibitis,
545 552 590 591 in
615 550 773 604 quibus
795 551 898 592 haee
924 554 1087 591 mutata
1108 552 1180 592 ille
1207 554 1296 606 jam
1319 553 1564 605 invenisset,
1594 551 1775 606 probare

360 623 543 674 videtur,
577 635 842 675 quamquam
882 622 1008 662 etiam
1041 625 1207 676 praeter
1242 624 1419 664 inventa
1450 622 1679 664 Stobaeum
1714 623 1778 677 ip-

360 706 456 734 sum
489 692 591 733 talia
622 693 812 746 potuisse
845 692 1079 745 admittere,
1113 694 1211 746 quis
1245 696 1372 747 queat
1402 694 1587 748 negare?
1624 692 1776 734 Deoidi

358 767 499 803 tamen
533 763 705 817 singula
738 776 823 803 non
845 767 1057 817 poterunt.
1100 762 1396 818 Discrepantia
1427 767 1539 805 certe
1571 767 1634 805 est
1663 765 1778 816 tertii

360 834 554 888 generis:
589 834 808 874 meliorem
842 835 1098 875 sententiam
1132 837 1258 887 atque
1290 835 1495 888 aptiorem
1527 835 1776 888 quicunque

360 904 500 945 locum
534 905 727 956 mutavit,
759 905 939 947 reddere
972 906 1053 947 sibi
1083 907 1204 952 visus
1230 909 1301 946 est.
1362 905 1493 959 Apud
1516 904 1775 959 Xenophon-

358 978 443 1015 tem
477 975 567 1030 (ita,
616 988 669 1016 ne
701 976 855 1030 longus
888 978 981 1029 sim,
1026 977 1209 1018 alterum
1241 976 1411 1018 Stobaei
1446 976 1586 1017 locum
1622 976 1774 1028 dica-m)

359 1051 472 1086 recta
505 1047 630 1087 lectio
664 1053 831 1087 servata
863 1052 937 1102 est,
968 1048 1147 1089 fortasse
1181 1048 1292 1102 quod
1325 1047 1394 1088 hic
1424 1047 1544 1088 locus
1567 1059 1622 1087 ex
1643 1046 1775 1087 altero

357 1116 562 1171 florilegio
596 1124 793 1171 sumptus
827 1122 900 1159 est.

499 1187 550 1227 V.
589 1189 671 1229 184
716 1189 812 1242 70,9
861 1190 980 1230 nulla
1023 1190 1316 1244 discrepantia.
1379 1189 1438 1228 At
1485 1188 1598 1242 apud
1629 1186 1775 1228 Xeno-

357 1258 558 1312 phontem
591 1272 668 1313 pro
691 1254 898 1315 ἆγαθῶν;
934 1255 1116 1316 ἀγαθοῦ,
1148 1260 1418 1314 pravissime,
1441 1254 1624 1314 ἀγαθῶν
1656 1258 1774 1300 Gais-

357 1329 460 1370 ford.
495 1343 549 1370 ex
572 1332 770 1372 Arsenio.

499 1400 550 1441 V.
593 1402 675 1440 185
725 1402 844 1444 codd.
888 1402 1070 1456 Theogn.
1111 1406 1151 1443 et
1195 1400 1306 1442 Stob.
1348 1400 1415 1454 70,
1471 1401 1495 1441 9
1538 1397 1774 1457 βήσεσθαι,

358 1470 597 1524 Xenophon
631 1469 895 1529 κτήσασθαι.
958 1472 1095 1514 Locus
1133 1473 1380 1526 saepissime
1412 1471 1648 1525 multisque
1685 1485 1774 1514 mo-

359 1542 423 1582 dis
455 1546 653 1583 tentatus.
717 1542 1013 1585 Defenderunt
1043 1541 1263 1600 βήσεσθαι
1288 1542 1568 1596 Camerarius,
1600 1542 1775 1584 Schnei-

359 1612 554 1654 dewinus
600 1614 645 1653 in
676 1612 867 1667 Delectu,
907 1614 1170 1665 Welckerus‚
1214 1613 1438 1666 Bergkius.
1484 1612 1771 1655 Camerarius:

359 1684 469 1733 ‚11ch
510 1699 577 1733 τις
615 1682 756 1725 ἐθέλει
797 1683 1097 1743 ἐπιβήσεσθαι
1143 1679 1337 1740 ἀγαθοὺς
1374 1684 1462 1724 τῶν
1493 1678 1681 1741 ἀρρένων
1712 1683 1779 1740 (ἐξ

355 1748 538 1808 ἀγαθῶν
573 1747 716 1811 ὅνϊας)
752 1758 847 1806 Ταῖς
869 1751 998 1798 (τί-τοῖ’
1023 1754 1205 1813 θήλεσι]
1239 1754 1610 1796 Schneidewinus:
1659 1754 1772 1808 ,Qui-

355 1825 418 1865 vis
451 1825 544 1865 vult
567 1838 621 1865 ex
642 1829 985 1880 generosissimis
1009 1826 1267 1868 animalibus
1292 1825 1406 1880 apud
1428 1838 1472 1866 se
1490 1825 1773 1867 admissuram

354 1895 471 1936 fieri.'
534 1896 687 1937 Itidem
721 1897 975 1940 Welckerus
1007 1898 1071 1950 (in
1106 1897 1378 1938 adnotatione
1410 1897 1463 1936 ad
1495 1896 1533 1936 h.
1565 1897 1591 1936 1.
1623 1910 1660 1950 p.
1695 1896 1798 1951 89),

353 1964 523 2019 βαίνειν
570 1968 702 2008 credit
733 1969 800 2009 hic
833 1970 1130 2025 accipiendum
1164 1980 1257 2009 esse
1288 1967 1447 2021 pariter
1479 1978 1527 2006 ac.
1557 1963 1769 2021 βιβάζειν,

356 2040 403 2076 ut
435 2040 631 2078 nostrum
681 2040 798 2090 „eine
830 2040 961 2093 Stute,
992 2040 1188 2091 Hiindin,
1223 2037 1420 2092 belegen·‘
1460 2050 1537 2091 pro
1570 2037 1771 2092 „belegen

354 2109 532 2151 lassen.“
598 2109 681 2150 Sed
713 2110 816 2151 haec
849 2111 1099 2165 significatio
1132 2109 1340 2162 exemplis
1378 2108 1548 2162 probari
1579 2121 1668 2149 non
1698 2120 1771 2162 po—

354 2184 447 2221 test.
510 2179 725 2235 Bergkius
761 2182 833 2235 qui
877 2182 977 2222 olim
1010 2182 1188 2234 conjecit
1219 2176 1459 2234 βαίνεσθαι
1491 2180 1660 2233 passive
1686 2179 1772 2219 die-

354 2255 459 2303 tum,
504 2252 548 2291 iu
596 2252 719 2292 tertia
763 2252 949 2293 editione
988 2255 1155 2292 tutatus
1194 2254 1257 2291 est
1287 2247 1520 2307 βήσεσθαι,
1566 2250 1689 2290 nisus
1723 2252 1771 2290 ut:

355 2322 478 2361 etiam
520 2321 803 2375 Camerarius,
849 2323 1046 2364 versibus
1095 2323 1176 2362 189
1224 2319 1298 2363 καὶ
1346 2318 1393 2362 ἐκ
1434 2321 1566 2362 κακοῦ
1611 2316 1770 2370 ἐσθλὸς

354 2389 503 2448 ἔγημεν
535 2396 574 2433 et
609 2394 720 2433 1112
752 2391 974 2450 Δμνηστεύω
1012 2388 1100 2434 δ’ἐκ
1132 2393 1264 2434 κακοῦ
1296 2388 1456 2440 ἐσθλὸς
1487 2385 1592 2447 ἀνήρ
1622 2391 1767 2444 itaque

352 2462 537 2503 breviter
568 2464 722 2505 dictem
767 2469 884 2505 ratus
917 2462 963 2516 ἐξ
1004 2459 1189 2519 ἀγαθῶν
1231 2475 1308 2516 pro
1353 2459 1399 2514 ἐξ
1428 2455 1611 2516 ἀγαθῶν
1643 2453 1768 2511 ὄντας

351 2532 520 2583 ἵπποις
554 2535 686 2587 (quod
715 2534 983 2576 Camerarius
1017 2547 1189 2589 quoque
1224 2532 1355 2586 fecit).
1429 2532 1650 2585 Exemplis
1681 2531 1766 2572 11113

354 2603 507 2644 addere
539 2609 771 2658 potuerunt
791 2607 874 2646 viri
897 2606 1129 2647 doctissimi
1147 2604 1349 2645 Herodot.
1366 2602 1443 2655 VI,
1467 2603 1571 2643 130:
1595 2598 1766 2658 ἑκάστῳ

355 2671 516 2731 δωρεὴν
548 2672 712 2729 δίδωμι
758 2677 831 2733 τῆς
868 2671 1075 2729 ἀξιώσιος
1112 2675 1268 2724 εῧνεκεν
1309 2675 1385 2731 τῆς
1415 2672 1462 2726 ἐξ
1490 2671 1588 2727 ἐμεῦ
1618 2674 1764 2730 γῆμαι.

355 2743 438 2784 Sed
471 2747 612 2786 omnia
645 2746 747 2787 haec
780 2760 891 2800 quae
916 2747 1187 2801 protulerunt
1218 2746 1299 2786 viri
1322 2745 1482 2799 egregii
1512 2744 1617 2786 falsa
1644 2744 1765 2796 duco,
