1835 3094
1035 191 1089 231 38

351 317 555 367 ostendit,
610 330 738 370 quam
784 320 951 357 mature
1000 315 1184 358 Graecos
1239 319 1364 370 atque
1413 315 1537 358 valde
1585 317 1773 359 sensisse

348 389 463 429 vitae
510 388 725 429 humanae
772 387 986 428 malorum
1032 400 1264 428 numerum
1320 390 1361 428 et
1406 387 1768 442 magnitudinem:

352 472 463 513 quae
512 462 553 500 et
596 461 763 513 praeter
805 457 1094 512 Theognidem
1139 458 1314 512 plurimi
1357 457 1629 512 deploravere
1677 458 1772 510 (cfr.

349 529 476 570 Hom.
510 529 559 582 P,
590 529 690 582 446,
723 543 760 581 σ,
794 529 898 579 1293
932 527 1105 569 Hesiod.
1131 527 1234 583 Opp.
1271 528 1373 580 1013
1406 528 1606 582 Bacchyl.
1641 528 1688 570 fr.
1723 530 1771 581 33

352 600 543 654 Sophocl.
579 599 679 641 Oed.
714 599 799 641 Col.
837 599 970 649 1225,
1017 598 1219 640 Herodot.
1251 598 1348 652 VII,
1380 599 1456 653 46)
1503 603 1545 641 et
1577 612 1686 654 quae
1718 599 1772 640 ad

351 671 605 712 illustranda
649 674 814 725 praeter
852 670 971 711 illam
1019 670 1070 711 de
1103 669 1246 711 Sileno
1289 669 1476 710 fabulam
1511 669 1771 711 Graecorum

352 741 620 783 uberrimum
652 742 876 795 ingenium
910 742 1176 782 narrationes
1207 740 1335 781 finxit
1368 740 1419 781 de
1452 739 1596 780 Cleobi
1628 743 1670 782 et
1699 739 1773 780 Bi-

351 812 499 865 tonel),
531 812 582 853 de
595 811 835 866 Trophonio
870 815 910 853 et
925 809 1193 866 Againede2),
1221 812 1272 852 de
1289 809 1524 866 Pindaro3),
1552 811 1606 852 ‘de
1622 810 1773 864 Elysio

353 881 607 936 Terinaeo4).
670 882 835 924 Verum
878 895 1030 924 versus
1074 884 1172 923 425.
1206 883 1289 922 427
1325 883 1646 936 antiquissimos
1679 894 1774 923 esse

353 954 454 995 inde
497 954 605 995 velle
651 953 816 994 efficere
863 953 1156 995 falsissimum.
1230 953 1320 995 Neo
1362 954 1616 1007 intelligitur
1652 965 1774 1007 prae-

354 1030 483 1075 terea,
536 1038 615 1066 nec
663 1037 748 1078 quo
782 1028 903 1079 pacto
945 1028 1068 1079 poeta
1116 1025 1272 1078 aliquis
1305 1025 1486 1079 dignum
1518 1023 1674 1066 habere
1704 1023 1776 1065 vel

354 1097 497 1150 potins
530 1110 726 1150 arrogare
757 1097 838 1138 sibi
860 1097 1056 1151 potuerit,
1090 1100 1137 1136 ut
1160 1095 1213 1136 ad
1235 1096 1504 1136 hexametros
1527 1095 1776 1136 notissimos

357 1167 703 1222 clarissimosque
747 1170 1035 1222 pentametros
1078 1166 1364 1220 adglutinaret
1396 1165 1610 1220 (imitandi
1647 1177 1774 1206 voea-

355 1237 456 1278 bulo
488 1239 778 1280 infelicissime
810 1252 917 1280 usus
953 1243 1016 1279 est
1042 1237 1286 1291 Bergkius),
1320 1250 1399 1278 neo
1425 1261 1478 1265 ——-
1513 1236 1627 1291 quod
1659 1238 1776 1277 recte

357 1314 502 1350 monet
534 1309 728 1352 Leutsch.
763 1311 786 1351 l.
819 1311 844 1351 l.
877 1335 934 1340 —
968 1310 1004 1349 si
1035 1308 1214 1360 fecisset,
1248 1308 1459 1361 quomodo
1492 1311 1654 1348 tantam
1685 1307 1775 1361 glo-

356 1382 464 1421 riam
497 1381 582 1422 illis
614 1382 814 1423 versibus
846 1381 1058 1435 Theognis
1090 1380 1277 1434 potuerit
1309 1379 1523 1432 consequi,
1572 1380 1776 1432 quantam

356 1466 402 1492 re
434 1465 534 1493 vera
567 1453 746 1507 adeptus
774 1461 846 1494 est.
911 1451 1006 1492 Mea
1022 1452 1152 1505 igitur
1169 1451 1382 1491 sententia
1398 1451 1501 1491 haec
1524 1453 1598 1502 est,
1616 1448 1775 1503 Theog-

357 1523 502 1563 nidem
536 1524 682 1564 itidem
706 1528 753 1565 ut
772 1522 1075 1575 Bacchylidem
1099 1521 1351 1576 Sophoclem
1383 1521 1488 1562 alios
1512 1520 1776 1574 expressisse

358 1595 657 1648 cogitationem
691 1595 804 1649 apud
838 1594 1032 1646 Graecos,
1077 1596 1249 1647 gentem
1280 1592 1648 1644 humanissimam,
1681 1590 1774 1631 vul-

357 1668 511 1718 gatam,
543 1665 675 1706 libere
707 1666 880 1720 ingenio
914 1680 1055 1718 usum,
1087 1666 1345 1720 pendentem
1378 1676 1433 1704 ex
1464 1662 1595 1703 nullo.

500 1735 550 1775 V.
583 1735 678 1776 457
698 1737 863 1777 —460.
907 1738 972 1790 71,
1005 1736 1042 1778 2.
1075 1750 1113 1776 v.
1146 1736 1229 1776 45?
1264 1734 1379 1776 Stob.
1421 1738 1481 1783 (et
1510 1732 1777 1785 Athenaeus)

357 1814 468 1847 recte
502 1803 723 1864 σι”,ιιᾳορὸν
754 1805 860 1860 ἐστι,
912 1808 1027 1862 quod
1071 1808 1116 1848 in
1162 1806 1281 1847 libris
1313 1805 1495 1860 Theogn.
1529 1807 1776 1858 corruptum

358 1882 433 1928 est,
469 1878 543 1919 sed
576 1882 661 1918 tam
692 1878 856 1929 leviter,
906 1883 951 1920 ut
998 1879 1051 1920 ad
1084 1877 1310 1920 Stobaeum
1359 1876 1590 1930 coningere
1623 1886 1776 1929 operae

359 1962 446 1989 non
494 1950 677 2002 pretium
726 1950 780 1990 sit
828 1946 1062 2007 (σύμᾳέρὸν
1103 1947 1197 1990 ἐστι
1232 1947 1278 1998 G,
1326 1944 1520 2004 σύμφρον
1561 1944 1701 1989 ἔνεστι
1733 1946 1774 1987 Α

357 2019 394 2060 D
428 2020 462 2059 E
495 2020 538 2060 H
570 2019 621 2070 N,
663 2016 906 2075 obiuspovov
938 2018 1072 2063 ἔνεστι
1115 2019 1150 2060 Β
1184 2018 1227 2071 F,
1276 2017 1309 2058 O
1344 2030 1431 2059 non
1478 2019 1560 2072 legi
1606 2014 1774 2072 potest.)

362 2115 418 2120 -—
453 2104 488 2130 v.
523 2092 608 2131 459
627 2091 798 2133 Stobaei
831 2093 948 2134 codd.
985 2094 1151 2146 praeter
1182 2090 1222 2129 A
1253 2090 1354 2130 item
1389 2093 1434 2130 ut
1452 2089 1701 2130 Athenaeus
1733 2091 1776 2130 et

358 2160 611 2203 Eustathius
642 2176 818 2216 prorsus
850 2165 992 2217 inepte
1015 2155 1199 2216 ἒὶγκιραν
1224 2174 1298 2214 pro
1326 2153 1518 2216 ἄγκυραι,
1544 2161 1649 2201 mire
1676 2172 1776 2201 eon-

361 2234 561 2274 sentienti
592 2233 862 2275 librariorum
894 2236 1079 2288 peceato.

501 2302 552 2342 V.
585 2304 870 2345 ive—486.
913 2306 980 2358 18,
1008 2305 1073 2344 14.
1106 2316 1145 2344 v,
1181 2302 1265 2342 479
1298 2301 1395 2342 libri
1416 2301 1599 2355 Theogn.
1633 2296 1775 2344 οὐκέτι

358 2377 506 2423 κεῖνος.
570 2373 683 2415 Stolo.
717 2376 773 2427 (et
803 2373 1069 2429 Athenaeus)
1120 2366 1250 2415 ὠκέϊ)
1286 2371 1455 2422 ἐκεῖνος.
1503 2376 1559 2418 -†-.
1601 2385 1639 2414 V.
1674 2374 1772 2414 481.

359 2444 446 2484 cod.
480 2444 625 2486 Vossii
660 2443 852 2503 νήφοι-σι,
896 2447 937 2487 A
968 2446 1003 2487 B
1037 2459 1090 2485 111.
1125 2457 1204 2486 sec.
1236 2447 1348 2485 recte
1381 2439 1550 2499 νήφοσι,
1585 2444 1698 2498 quod
1728 2445 1776 2485 in

501 2560 536 2603 1)
561 2559 729 2598 Herodot.
756 2563 783 2606 I,
810 2564 866 2598 31.
894 2563 966 2597 Cic.
992 2563 1092 2597 Tuso.
1118 2562 1145 2599 I,
1172 2561 1227 2603 47,
1256 2560 1335 2595 113.

500 2618 535 2662 ’2)
562 2618 653 2655 Plut.
681 2621 818 2656 Consol.
845 2621 960 2666 Apoll.
988 2621 1043 2656 14.
1070 2620 1140 2655 Cic.
1166 2620 1250 2654 ibid.

500 2678 535 2722 3)
561 2678 656 2716 Plut.
684 2679 770 2715 ibid.
1586 2725 1590 2728 .

500 2736 536 2781 4)
562 2736 655 2771 Plut.
682 2738 755 2772 ibid
794 2749 838 2772 ex
865 2737 1102 2773 consolatione
1122 2737 1311 2773 Crantoris.
1332 2738 1405 2773 Cio.
1431 2738 1533 2773 Tusc.
1561 2739 1592 2784 1,
1618 2737 1773 2782 4e,115.
