1835 3094
759 184 787 227 ὃ

205 307 309 362 „Die
339 307 519 353 Absicht
551 307 633 359 hat,
664 306 745 349 den
781 306 1006 350 Freunden
1043 307 1332 358 wohlzuthun,

205 377 286 432 „So
315 378 424 421 subit
456 391 555 421 man
591 376 769 420 Absicht
802 378 890 421 und
923 391 1022 421 man
1056 378 1108 419 ist
1140 378 1412 420 veoetimmw·

204 447 300 500 Quo
359 450 556 505 exemplo
615 448 797 490 alterum
859 461 1033 504 quoque
1081 448 1193 503 quod
1241 453 1479 490 statuemus

66 521 316 563 mutationis
351 533 489 575 genus
522 520 775 570 illustratur,
822 519 874 560 de
905 533 992 575 qua
1026 533 1070 561 re
1102 520 1306 561 continno
1338 518 1480 560 dicen·

65 590 169 635 dum
213 591 304 633 erit,
366 590 416 633 In
446 590 728 643 'I'heognideis
767 603 940 645 quoque
973 590 1076 632 loeis
1109 603 1291 642 magnus
1324 589 1481 632 discre-

65 662 307 718 pantiarum
342 674 562 713 numerus,
602 667 648 703 ut
682 666 830 702 natura
863 660 954 711 fert,
985 661 1056 702 tali
1091 660 1216 702 modo
1249 666 1367 702 ortus
1399 666 1480 706 est:

66 744 153 788 qua
184 732 237 775 de
268 745 326 783 re,
358 734 554 787 quamvis
585 732 768 787 simplex
811 731 1007 773 videatur
1039 744 1132 772 esse
1165 736 1294 786 atque
1326 738 1482 787 aperta.

65 808 208 845 tamen
240 803 466 845 falsissime
498 803 730 845 iudicatum
764 808 841 853 est,
873 808 920 844 ut
953 808 1055 858 puta
1087 802 1138 844 de
1163 802 1361 844 versibus
1388 802 1481 843 175.

70 873 166 926 176,
197 874 249 915 de
282 873 439 929 quibus
474 888 509 915 v.
542 874 652 915 infra
685 887 722 928 p.
760 874 810 914 12
844 886 934 928 sqq.

207 945 254 999 2)
279 943 383 986 Eius
400 946 475 1000 qui
496 944 586 986 loco
603 945 748 998 aliquo
768 945 902 985 utitur
918 945 1090 985 interest
1105 956 1281 986 sensum
1297 956 1480 986 servare.

66 1027 152 1057 non
171 1014 310 1057 verba.
334 1015 511 1057 Accedit
528 1015 641 1069 quod
666 1015 693 1056 ii
717 1015 792 1069 qui
818 1020 863 1055 ut
885 1027 1010 1056 suum
1034 1015 1223 1068 ipsorum
1243 1026 1480 1055 sermonem

67 1085 327 1127 illustrarent
354 1092 553 1127 ornarent
567 1086 869 1127 confirmarent
891 1086 1124 1126 sententias
1146 1085 1182 1125 ei
1206 1085 1483 1126 inseruerunt

67 1157 306 1212 scriptoreS,
352 1157 508 1212 quippe
556 1157 631 1211 qui
680 1157 857 1197 minoris
904 1155 1090 1197 ambitus
1138 1156 1253 1197 locos
1300 1155 1483 1209 allegare

66 1226 242 1279 soleant,
288 1227 541 1283 plerumque
587 1227 653 1268 vel
701 1239 870 1281 semper
914 1227 1002 1268 sola
1051 1213 1483 1268 memoria‘confisos

66 1310 161 1340 esse
202 1298 441 1353 putandum
474 1304 537 1339 est
571 1298 803 1352 exemplari
839 1310 923 1338 non
957 1298 1163 1339 consulto.
1227 1296 1399 1346 Quibus
1432 1296 1483 1338 de

66 1369 207 1411 causis
239 1382 483 1421 synonyma
523 1369 750 1423 praecipuo
782 1369 894 1409 inter
918 1382 963 1409 se
992 1373 1218 1410 mutantur
1239 1367 1485 1421 multaeque

65 1438 172 1481 aliae
203 1439 513 1494 discrepantiae
545 1440 754 1480 oriuntur.
811 1438 863 1480 Et
898 1439 1027 1480 huius
1060 1439 1313 1493 quoqnerci
1336 1450 1480 1480 exem-

67 1509 199 1565 plum,
230 1515 276 1551 ut
308 1511 391 1552 iam
415 1510 519 1561 dixi,
543 1509 708 1550 Goetbii
734 1510 839 1552 iilud
864 1515 928 1551 est
954 1515 1124 1564 propter
1147 1508 1276 1551 verba
1300 1508 1483 1559 „merkt”

67 1593 142 1636 pro
174 1580 342 1633 .,fuhlt“,
375 1580 526 1632 „wird⁸·
559 1594 634 1635 pro
668 1582 767 1631 „ist‘·
802 1581 950 1636 posita.
991 1579 1080 1622 Nec
1114 1581 1141 1621 ii
1172 1579 1332 1634 quibus
1355 1579 1482 1620 altera

68 1653 322 1707 scriptorum
371 1652 483 1706 apud
533 1664 640 1705 quos
688 1659 907 1706 poetarum
947 1652 1216 1705 aliorumque
1248 1652 1484 1692 sententiae

67 1729 296 1764 occurrunt
327 1722 475 1765 elassis
507 1723 762 1774 continetur,
803 1722 1098 1776 compilatores
1132 1722 1226 1762 dico
1258 1728 1299 1763 et
1332 1721 1486 1763 florile-

66 1794 235 1848 giorum
283 1800 500 1844 auctores,
554 1795 797 1835 accuratius
845 1793 1140 1845 religiosiusve
1179 1793 1370 1834 feceruut
1402 1792 1485 1833 illis

68 1864 343 1920 temporibus,
389 1879 516 1920 qnam
565 1865 615 1905 ad
650 1865 901 1906 sententiam
936 1863 1174 1904 deducatur
1204 1863 1381 1904 fortasse
1413 1863 1484 1903 cui

69 1935 112 1976 in
160 1941 345 1978 mentem
390 1937 506 1977 venit
546 1936 677 1977 nostri
711 1937 803 1976 aevi
837 1934 1179 1987 anthologiarum
1212 1934 1483 1988 diligentissi-

68 2018 235 2048 morum
280 2007 623 2061 compositorum.
687 2006 809 2054 Quod
857 2004 1025 2047 Stobaei
1073 2004 1269 2059 exemplo
1317 2004 1484 2058 egregie

67 2076 356 2129 confirmatur,
403 2078 455 2119 de
500 2090 584 2132 quo
633 2078 741 2118 infra
789 2077 1030 2117 accuratius
1061 2074 1358 2117 ‹lissomndum
1391 2075 1482 2116 erit.

67 2145 160 2189 Hoc
212 2148 391 2190 alterum
459 2161 630 2203 quoque
692 2148 978 2189 mutationum
1029 2159 1168 2200 genus
1222 2158 1483 2199 quamquam

69 2218 476 2270 manifestissimum,
531 2218 749 2260 nonnuliis
798 2223 937 2259 tamen
988 2217 1090 2258 locis
1138 2231 1160 2258 a
1201 2216 1304 2257 viris
1351 2216 1486 2257 doctis

69 2301 224 2343 parum
271 2290 532 2332 intellectum
580 2295 655 2337 est,
704 2295 748 2329 ut
797 2286 849 2328 ab
897 2287 1143 2343 Har-tunglo
1190 2287 1241 2327 de
1294 2287 1486 2328 lectionis

71 2359 275 2402 varietate
318 2360 501 2415 quadam
545 2361 587 2401 in
623 2373 659 2398 v.
694 2359 778 2398 215
813 2358 967 2399 mirum
1015 2358 1220 2399 iudicium
1261 2354 1486 2411 facienti.1)

72 2427 269 2471 Ceterum
316 2444 389 2472 eas
440 2431 671 2472 lectionum
715 2428 1022 2483 discrepantias
1069 2441 1176 2482 quas
1229 2427 1307 2469 hoc
1359 2426 1486 2468 modo

72 2504 185 2541 ortas
221 2512 314 2542 esse
353 2502 489 2556 primo
527 2500 729 2555 adspectu
768 2506 939 2554 apparet
972 2499 1110 2540 crucis
1142 2499 1264 2553 signo
1296 2498 1486 2552 apposito

73 2572 240 2612 notabo.

217 2723 252 2766 l)
279 2723 321 2759 V.
347 2722 440 2758 intra
464 2722 556 2757 inter
581 2721 676 2756 locos
703 2720 882 2757 platan-h.
