1835 3094
1026 197 1081 238 70

337 324 599 363 convertant.
648 315 749 377 Ἀφ’
782 315 941 378 ἡμέρας
970 322 1113 376 igitur,
1140 321 1191 362 de
1217 320 1295 374 die,
1318 333 1427 374 quae
1449 334 1604 376 magna
1633 321 1770 364 habe-

336 392 464 433 batur
515 392 864 445 intemperantia,
912 393 1173 446 potationem
1227 392 1346 445 cupit
1395 392 1583 434 lascivus
1623 397 1762 448 poeta.

337 462 564 504 Manifesta
595 462 700 503 haec
732 461 935 502 videntur
966 475 1076 503 esse:
1113 462 1187 503 sed
1208 463 1290 502 viri
1312 462 1435 517 docti,
1458 464 1529 518 qui
1562 464 1764 518 permulti

335 533 479 574 locum
511 536 816 586 tractaverunt,
837 533 975 573 multa
997 532 1079 573 alia
1110 534 1249 573 conati
1281 537 1393 587 sunt,
1424 535 1600 588 gravius
1633 548 1764 588 quam

338 607 401 645 est
432 604 631 645 affectum
662 603 787 644 illum
820 604 1116 644 existimantes
1139 606 1180 644 et
1200 606 1249 644 ut
1270 604 1425 645 medici
1446 606 1576 647 nimis
1607 606 1764 660 trepidi

338 674 648 729 diligentesque
677 675 911 729 aegriorem
933 674 1136 715 facientes
1161 687 1290 727 quam
1315 675 1538 717 saniorem.
1601 675 1762 718 Omnes

337 746 452 786 enim
483 748 649 800 praeter
675 744 975 786 Hermannum
1009 746 1060 798 (v.
1095 753 1240 798 supra)
1272 745 1319 784 in
1353 742 1531 788 δείπνου
1561 744 1764 805 λήγοιμεν

337 815 619 869 offenderunt,
651 829 749 856 cum
783 816 898 870 quod
931 828 1082 856 sensus
1113 828 1289 870 poscere
1318 817 1371 857 iis
1408 817 1626 858 videretur
1656 819 1764 859 inci-

335 899 434 940 pere
466 887 680 940 convivas,
712 900 799 928 non
833 888 1027 928 desinere
1057 886 1303 940 (Bergkius2
1338 886 1502 941 „Locus
1524 892 1766 943 corruptus,

336 970 436 998 nam
469 970 553 998 non
586 962 634 999 ut
667 958 862 999 desinant
894 958 1126 1010 convivari,
1159 958 1232 998 sed
1264 961 1313 998 ut
1348 959 1558 1012 incipiant
1595 959 1763 1001 sodales

339 1029 530 1069 hortatur
547 1030 732 1083 poeta.“),
754 1033 846 1070 tum
863 1028 1102 1070 membrum
1120 1030 1233 1070 inter
1253 1026 1454 1085 λήγοιμεν
1475 1033 1516 1070 et
1537 1026 1764 1072 παντοίων

335 1103 447 1140 recte
481 1104 727 1141 construere
759 1101 1010 1152 nescientes,
1044 1113 1144 1141 cum
1177 1096 1356 1141 δείπνου
1387 1097 1588 1157 λήγοιμεν
1619 1101 1762 1142 conati

336 1171 605 1224 coniungere,
638 1172 763 1225 quod,
807 1184 1113 1225 quamcunque
1152 1184 1225 1225 pro
1270 1167 1380 1213 ὅπου
1418 1172 1762 1213 emendationem

337 1241 621 1295 substitueris,
655 1243 744 1283 sive
764 1238 874 1284 ὅπου
907 1243 1155 1295 servaveris,
1178 1242 1270 1284 fieri
1302 1243 1421 1284 nullo
1453 1243 1578 1284 modo
1610 1246 1763 1298 potest.

337 1311 502 1361 Quibus
536 1312 587 1353 de
620 1314 760 1354 causis
785 1313 1031 1354 Brunclzius
1056 1310 1235 1355 desseret·
1267 1311 1319 1372 δὴ
1335 1311 1615 1371 μνησαιζιιεθζ
1647 1309 1760 1365 ὅσον,

333 1384 400 1423 vir
433 1383 581 1425 doctus
627 1384 741 1437 apud
774 1383 1147 1425 Schneidewinum
1187 1382 1365 1426 δείπνου
1398 1384 1490 1442 δῆτ’
1524 1379 1763 1440 ἇλέγοιμεν,

335 1450 446 1505 ὅσου,
500 1453 728 1509 Emperius
777 1452 956 1497 δείπνου
995 1452 1046 1512 δὴ
1091 1452 1333 1511 κηδοίμεῧζ
1369 1451 1476 1506 ὅτου,
1517 1455 1761 1496 Meinekius

333 1526 397 1580 (in
444 1526 598 1566 Athen.
647 1526 711 1567 ed.
760 1527 841 1567 vol.
875 1526 950 1579 IV,
981 1540 1018 1580 p.
1055 1527 1153 1578 137)
1188 1523 1366 1568 δείπνου
1413 1523 1465 1584 δὴ
1508 1522 1759 1583 ,ιιηδοίμεθζ

334 1591 443 1647 ὅσον,
478 1596 736 1638 Schmidtius
770 1597 813 1648 (l.
846 1597 870 1637 1.
908 1611 946 1651 p.
988 1598 1085 1648 190)
1129 1593 1307 1639 δείπνου
1346 1592 1672 1650 δ’ἆπτοι’,ιιεσθ’,
1719 1592 1769 1638 εἴ

332 1665 419 1709 ,του
454 1684 559 1719 τινα,
577 1667 789 1721 Bergkius
814 1665 992 1710 δείπνου
1015 1661 1122 1725 ἒίδην
1144 1665 1354 1721 ἕλάοιμεν,
1378 1663 1488 1719 ὅσον,
1512 1667 1763 1709 recordatus

332 1740 425 1780 sine
459 1738 589 1779 dubio
612 1738 737 1779 Hom.
762 1743 815 1792 N,
836 1738 935 1791 315,
966 1744 1011 1790 T,
1030 1740 1129 1792 423,
1161 1754 1191 1792 ε,
1225 1739 1322 1791 290,
1347 1739 1421 1780 sed
1452 1739 1586 1780 nihilo
1617 1739 1760 1780 secius

331 1810 672 1851 emendationem
704 1823 791 1851 non
823 1810 1048 1864 intellego,
1082 1810 1182 1851 inde
1215 1810 1342 1850 etiam
1374 1810 1532 1850 mirum
1563 1809 1683 1863 illud,
1713 1810 1761 1850 in

331 1881 445 1934 quod
464 1880 716 1922 Welcke'rus
751 1879 807 1935 (p.
844 1880 941 1933 125)
974 1881 1144 1922 incidit:
1181 1880 1439 1934 „Scripserat
1454 1881 1585 1934 igitur
1601 1881 1764 1934 (poeta)

331 1948 509 1993 δείπνου
543 1948 595 2009 δὴ
627 1949 923 2009 ,ιινησιιίμεθις
959 1951 1117 2006 quibus
1163 1947 1263 1993 ὅσου
1296 1947 1394 1992 τινὰ
1425 1947 1566 2004 θυμὸς
1598 1945 1760 2006 ἀνώγοι

329 2025 370 2063 et
401 2020 677 2077 χαριζόμενοι
720 2024 995 2073 conveniunt,
1041 2023 1094 2063 ad
1140 2019 1341 2077 λήγοιμεν
1378 2022 1522 2062 minus
1555 2025 1670 2076 apta,
1719 2024 1763 2063 et

328 2093 375 2133 in
407 2092 690 2146 sequentibus
722 2093 902 2147 prandio
925 2092 1046 2134 finito
1079 2092 1268 2133 laborem
1287 2092 1430 2133 denuo
1448 2092 1760 2146 capessendum

328 2164 398 2205 vel
417 2164 536 2204 aliud
562 2164 773 2218 quidquid
799 2163 1012 2217 agendum
1036 2166 1272 2204 monuerat.
1339 2161 1462 2211 Quod
1483 2166 1759 2217 praeceptum

332 2249 428 2277 cum
462 2234 629 2286 Bionil)
664 2238 737 2276 aut
769 2234 963 2276 eiusdem
999 2234 1162 2275 farinae
1194 2233 1357 2274 homini
1394 2233 1518 2274 valde
1560 2234 1760 2274 ieiunum

330 2308 475 2348 visum
510 2311 630 2359 esset,
661 2307 708 2346 in
741 2306 1003 2346 contrarium
1037 2305 1256 2357 convertit,
1278 2300 1562 2361 μνησαίμεθα
1593 2306 1762 2344 mutato

328 2379 371 2418 in
407 2375 618 2435 λήγοιμεν,
658 2380 698 2417 et
736 2376 936 2417 adiuncto
968 2377 1014 2416 in
1051 2376 1160 2416 hanc
1193 2375 1447 2416 sententiam
1492 2375 1670 2416 disticho
1703 2387 1761 2415 ex

331 2449 517 2489 carmine
550 2447 806 2488 convivalff!

477 2518 632 2559 Omnia
665 2518 769 2559 haec
799 2518 917 2559 falsa.
980 2517 1090 2559 Sane
1122 2519 1267 2558 monet
1298 2519 1432 2570 poeta,
1471 2519 1519 2556 ut
1550 2516 1761 2570 incipiant

474 2682 509 2727 1)
544 2682 613 2717 Cfr.
648 2681 830 2715 Welckeri
856 2692 890 2725 p.
915 2680 1093 2715 LXXXV
1124 2680 1162 2714 in
1195 2679 1310 2724 capite
1346 2679 1389 2713 de
1430 2679 1584 2723 parcdiis
1626 2679 1758 2714 disser-

331 2739 501 2775 tationem
528 2741 570 2775 de
596 2740 709 2775 Bione
734 2739 999 2784 Borysthenita,
1024 2738 1276 2774 incertissimis
1303 2738 1518 2773 coniecturis
1542 2738 1696 2783 plenam.
