1835 3094
1027 159 1052 198 2

333 286 577 325 convertere
620 285 802 322 tractatu
846 282 972 335 digna
1014 281 1291 334 fructumque
1324 293 1434 334 quae
1465 280 1744 334 polliceantur

331 356 525 408 impenso
557 352 689 392 labori
727 355 1043 405 congruentem.
1121 350 1200 391 Cui
1241 364 1421 392 numero
1466 351 1744 392 adscribenda

332 424 541 478 imprimis
588 426 731 462 textus
780 423 995 476 elegorum
1042 426 1089 462 ut
1133 434 1219 461 non
1259 422 1572 475 corruptissimi
1602 425 1745 462 tamen

336 496 459 535 etiam
495 505 610 533 nunc
642 493 876 545 permultos
909 493 1133 546 scrupulos
1165 492 1379 532 inicientis
1406 505 1536 545 quam
1557 491 1746 532 maxima

334 564 580 606 emendatio.
646 561 740 610 Quo
772 563 817 602 in
850 563 1110 603 restituendo
1158 562 1461 616 gravissimum
1497 562 1642 603 locum
1675 561 1746 602 ob-

334 636 469 675 tinent
517 646 565 673 ea
613 646 721 686 quae
770 634 935 686 antiqui
981 634 1204 687 scriptores
1252 645 1306 672 ex
1337 637 1485 686 poetae
1517 645 1641 686 opere
1673 645 1746 673 ex—

333 710 636 759 prompserunt
666 704 708 743 in
745 717 874 744 suum
902 717 1029 744 usum
1054 706 1360 743 convertentes.
1422 702 1588 743 Horum
1613 703 1747 744 maxi-

336 788 433 815 mus
475 787 701 814 numerus:
743 774 856 827 apud
888 773 1157 814 XXXXVII
1191 774 1363 813 omnino
1397 775 1622 827 scriptores
1654 787 1748 815 sen-

334 846 492 886 tentiae
524 844 816 898 Theognideae
846 849 1073 886 occurrunt
1107 848 1147 884 ct
1191 844 1304 896 apud
1347 844 1486 884 solum
1519 844 1748 886 Stobaeum

334 915 409 956 LV
440 916 521 955 loci
547 916 829 955 inveniuntur
852 914 1057 969 (exceptis
1081 916 1141 955 eis
1164 914 1360 955 versibus
1379 915 1454 967 qui
1477 928 1563 955 una
1580 914 1750 956 Stobaei

339 986 634 1040 compilatione
668 987 821 1026 servati
845 990 955 1037 sunt,
988 987 1032 1025 in
1057 986 1175 1025 codd.
1204 986 1358 1026 nostris
1379 984 1561 1039 Theogn.
1585 985 1750 1039 desunt,

337 1071 403 1096 vv.
442 1056 774 1109 1221—122ss):
823 1057 951 1097 simul
982 1057 1214 1097 lectionum
1249 1057 1494 1109 saepissime
1526 1056 1750 1096 diversitas

342 1141 427 1167 non
461 1128 615 1179 exigua
649 1131 689 1167 et
722 1127 772 1167 de
806 1141 890 1180 qua
928 1127 1039 1167 haud
1074 1128 1130 1167 ita
1175 1127 1297 1166 facile
1333 1130 1445 1167 certo
1476 1127 1610 1180 possit
1636 1126 1749 1180 judi-

338 1197 475 1250 caril),
506 1199 564 1237 ita
598 1202 644 1238 ut
676 1211 810 1251 paene
842 1212 917 1252 pro
951 1210 1061 1238 novo
1085 1198 1239 1249 codice,
1272 1211 1295 1237 a
1318 1197 1466 1237 ceteris
1488 1198 1644 1238 nostris
1664 1209 1749 1237 non

338 1269 552 1322 pendenti,
600 1267 641 1308 hi
674 1269 756 1309 loci
789 1268 1039 1318 aestimandi
1088 1269 1182 1308 sint.
1258 1267 1422 1316 Quibus
1455 1268 1506 1309 de
1538 1268 1679 1308 causis
1712 1271 1753 1308 et

340 1339 453 1392 quod
487 1340 567 1378 viri
616 1339 726 1379 docti
775 1339 825 1379 de
873 1339 1056 1392 singulis
1090 1352 1166 1379 nec
1211 1339 1293 1380 sibi
1337 1340 1441 1393 ipsis
1481 1338 1753 1379 constantin

333 1410 496 1463 judicio
530 1422 607 1450 nec
640 1410 751 1450 inter
783 1423 826 1449 se
853 1411 1138 1461 consentiunt,
1170 1423 1254 1450 non
1279 1410 1463 1450 alienum
1488 1408 1595 1449 duxi
1617 1408 1752 1448 omni-

340 1480 420 1520 bus
451 1481 525 1533 qui
558 1484 728 1520 exstant
760 1480 862 1520 locis
896 1480 1034 1520 denuo
1069 1481 1230 1520 collatis
1262 1481 1570 1533 recensitisque
1595 1479 1648 1519 ad
1671 1482 1753 1520 sta-

341 1550 580 1591 biliendum
624 1551 674 1590 de
713 1550 790 1590 hac
829 1564 873 1590 re
908 1551 958 1590 ad
993 1552 1123 1591 crisin
1154 1550 1468 1604 Theognideam
1499 1550 1754 1604 gravissima

336 1621 549 1673 judicium
584 1621 1028 1675 quantulumcumque
1061 1623 1139 1662 erit
1172 1621 1329 1662 afferre.

483 1690 538 1731 Et
586 1697 633 1731 ut
676 1691 726 1731 de
774 1691 904 1732 huius
951 1692 1106 1745 incepti
1149 1692 1354 1732 subsidiis
1385 1692 1505 1745 prius
1537 1690 1756 1732 absolvam

341 1762 506 1815 primus
540 1762 709 1815 collegit
742 1763 996 1815 scriptorum
1029 1763 1269 1802 testimonia
1297 1775 1407 1815 quae
1438 1774 1589 1802 vocare
1615 1774 1757 1802 assue-

343 1837 445 1872 runt
478 1831 645 1872 Kallius
677 1834 723 1872 in
756 1833 939 1873 editione
973 1846 1007 1872 a.
1044 1833 1154 1872 1766
1183 1833 1307 1885 edita⁷
1355 1846 1439 1885 qua
1484 1833 1535 1873 de
1578 1845 1623 1873 re
1657 1832 1759 1873 dicit

344 1903 390 1942 in
423 1902 694 1956 praefatione,
728 1916 835 1956 quae
868 1903 943 1944 ubi
976 1917 1090 1944 nunc
1123 1903 1340 1944 commode
1383 1903 1596 1956 legeretur
1628 1916 1759 1957 supra

345 1973 556 2013 adnotavi.
639 1974 777 2013 Auxit
829 1974 1119 2014 collectionem
1172 1973 1426 2014 WVelckerus
1478 1974 1550 2013 in·
1576 1973 1759 2014 editione

347 2043 402 2097 (p.
425 2044 477 2083 73
501 2057 638 2097 usque
667 2044 717 2084 ad
740 2058 779 2097 p.
808 2044 894 2098 78),
926 2045 1049 2085 cuius
1071 2045 1207 2098 ipsius
1232 2044 1488 2084 collectanea
1507 2043 1761 2098 amplificata

347 2117 620 2167 correctaque
644 2119 745 2154 sunt
777 2127 798 2154 a
821 2114 1037 2156 Theodoro
1061 2114 1203 2169 Bergk
1224 2115 1268 2154 in
1292 2118 1511 2168 poetarum
1527 2114 1759 2166 lyricorum

349 2183 609 2225 Graecorum
642 2197 828 2238 corpore,
864 2186 990 2225 cuius
1024 2186 1130 2226 alter
1171 2189 1312 2225 tomus
1343 2184 1631 2238 Theognidem
1663 2197 1762 2224 con-

345 2256 452 2295 tinet
479 2255 650 2308 (prodiit
683 2255 747 2296 ed.
780 2254 846 2295 111
870 2269 903 2295 a.
932 2255 1073 2310 1866).
1122 2255 1203 2303 Qui
1226 2256 1456 2296 novissime
1474 2255 1762 2309 Theognidem

347 2327 561 2365 recensuit
594 2326 823 2379 ediditque,
854 2325 1042 2366 Jacobus
1063 2326 1227 2378 Sitzler,
1258 2327 1358 2366 satis
1389 2325 1541 2366 habuit
1572 2338 1620 2366 ea
1654 2337 1764 2379 quae

349 2397 562 2449 congessit
583 2396 796 2449 Bergkius
825 2396 1063 2437 describere
1088 2397 1159 2449 ita⁷
1192 2402 1237 2437 ut
1258 2397 1349 2450 ipse
1372 2396 1539 2436 nullum
1562 2396 1762 2436 volumen

353 2466 578 2508 evolveret.
645 2465 768 2514 Quod
799 2467 899 2507 inde
933 2471 1116 2521 apparet,
1149 2466 1262 2520 quod
1295 2478 1457 2506 errores
1478 2465 1652 2520 Bergkii
1678 2479 1765 2506 om-

494 2628 529 2670 1)
555 2628 624 2663 Cfr.
651 2630 694 2663 A.
719 2628 829 2662 Kallii
862 2628 1116 2672 praefationem
1154 2629 1198 2662 ad
1230 2639 1321 2672 spec.
1356 2639 1437 2663 nov.
1466 2629 1547 2662 edit,
1577 2629 1668 2664 1766
1701 2628 1766 2672 ed.⁷

352 2684 393 2717 in
418 2685 599 2720 XVelckeri
624 2687 778 2732 prolegg.
803 2687 900 2731 typis
926 2687 1110 2730 repetitam
1138 2698 1169 2731 p.
1197 2687 1383 2722 CXXXII.
