1835 3094
1015 175 1067 217 78

313 313 356 341 v.
397 300 482 341 993
515 313 591 355 pro
624 297 782 350 κάλλος
825 300 951 350 κῦδος
987 307 1048 354 4,
1091 300 1150 341 ita
1194 302 1244 341 ut
1279 310 1536 340 moneamur
1565 297 1749 340 Hesiodi

316 372 364 412 in
399 370 613 425 Operibus
661 374 702 411 et
731 369 896 411 Diebus
943 383 1094 412 versus
1141 369 1245 426 (313
1277 369 1438 426 Flach.)
1487 366 1663 427 πλούτῳ
1708 369 1748 413 δ’

314 436 454 498 ἆρεῖὴ
484 439 557 483 καὶ
592 439 718 490 κῦδος
751 434 920 497 ὀπηδεῖ.

462 526 500 552 v.
536 512 644 553 963.
680 511 775 552 107.
838 511 970 553 Nulla
1004 512 1300 566 discrepantia.

461 597 498 624 v.
535 581 640 624 979.
677 582 772 624 147.
835 581 967 624 Nulla
998 583 1173 638 discrep.
1206 607 1261 612 —

461 656 582 697 Addo
600 654 715 695 locos
733 654 962 696 nonnullos
981 657 1253 696 occurrentes
1275 654 1388 708 apud
1408 655 1467 696 in
1483 657 1744 696 certorum

317 729 608 782 temporum
642 726 947 779 scriptores.
1697 736 1701 740 ·

605 820 871 862 Certamen
902 820 1118 861 Homeri
1151 822 1199 861 et
1229 819 1460 861 Hesiodi.

462 906 500 933 v,
534 893 642 933 425.
679 892 788 933 427.
823 906 861 947 p.
895 894 922 933 4
955 892 1016 933 ed.
1051 892 1190 946 Steph.
1223 890 1275 931 V.
1308 904 1346 946 p.
1384 890 1437 931 36
1472 903 1563 945 sqq.
1597 903 1636 931 v,
1658 890 1744 931 425

317 957 452 1021 ἀρχὴν
482 976 557 1018 pro
584 961 776 1016 πάντων,
807 977 845 1004 V.
878 977 915 1018 p.
955 961 1008 1004 32
1042 976 1130 1017 sqq.

608 1045 998 1088 Grammaticus
1030 1047 1083 1087 in
1114 1045 1293 1087 Wolfii
1325 1044 1613 1086 Analectis.

464 1132 500 1158 v,
537 1117 810 1158 145—146
845 1117 885 1171 4,
930 1118 1027 1171 538,
1073 1116 1178 1158 adeo
1213 1116 1446 1169 deformati,
1489 1119 1540 1157 ut
1570 1115 1745 1170 agnosci

236 1199 242 1205 ·
319 1190 393 1229 vix
426 1190 608 1243 possint:
662 1185 871 1243 βούλομαι
923 1181 966 1230 εἶ’
1007 1185 1126 1242 μάλα
1159 1184 1311 1242 σεμνὸς
1343 1181 1505 1243 ὀλίγοις
1538 1182 1613 1228 σὺν
1642 1182 1744 1243 χρή-

315 1274 455 1314 μασιν
493 1257 641 1301 (Ji-mv
674 1255 698 1317 ἢ
732 1259 936 1301 πλουτεῖν
967 1253 1144 1310 ἀδίκως.

607 1343 944 1384 Boissonadii
977 1343 1254 1385 Anecdota.

464 1427 501 1454 v.
529 1413 818 1455 585—590.
853 1416 892 1466 4,
925 1415 1009 1454 455
1044 1413 1108 1468 (in
1142 1414 1319 1468 epistola
1351 1412 1530 1454 Michael
1561 1411 1742 1453 Hamar-

321 1485 407 1538 toli,
451 1486 526 1539 qui
571 1499 655 1539 qua
700 1488 834 1526 aetate
866 1486 1024 1526 vixerit
1070 1485 1267 1539 ignotum
1314 1485 1406 1539 est).
1468 1497 1507 1525 v.
1546 1483 1628 1524 586
1662 1483 1744 1524 ποῖ

320 1557 375 1608 (v.
408 1570 445 1610 p.
480 1557 566 1609 42),
600 1570 637 1597 v.
664 1557 748 1597 589
782 1557 843 1612 τῷ
877 1555 922 1597 δὲ
956 1552 1086 1598 καλὸν
1107 1557 1307 1598 ποιοῦντι
1335 1552 1440 1605 θεὸς
1461 1550 1572 1597 καλὰ
1595 1550 1743 1596 πάντα

321 1624 492 1684 τίθησι,
526 1641 563 1667 v.
600 1628 683 1667 590
717 1620 901 1682 ἀγαθῶν
932 1624 1115 1678 ἔκδυσιν,
1166 1640 1274 1681 quae
1323 1627 1558 1681 scripturae
1597 1638 1744 1667 omnes

319 1698 446 1752 plane
480 1703 726 1753 congruunt
757 1711 856 1739 cum
888 1698 1071 1747 Stobaei,
1121 1699 1179 1738 ita
1218 1701 1267 1739 ut
1296 1697 1573 1739 Hamartolus
1610 1697 1743 1739 huius

322 1769 569 1810 collectione
602 1783 709 1811 usus
743 1782 836 1810 esse
869 1770 1077 1811 videatur.

464 1854 501 1881 v.
538 1840 893 1880 1155-1156.
930 1842 966 1893 1,
1000 1839 1053 1880 67
1089 1842 1150 1893 (in
1183 1840 1419 1895 Georgidae
1440 1840 1742 1896 gnomologio).

321 1924 361 1952 v.
400 1911 512 1951 1155
546 1915 633 1952 tam
665 1916 892 1966 corruptus
926 1914 1000 1964 est,
1033 1915 1081 1952 ut
1106 1911 1414 1953 Boissonadius
1447 1912 1566 1953 codd.
1583 1911 1744 1966 Theog-

321 1982 547 2023 nideorum
566 1983 791 2024 lectionem
809 1983 1025 2036 receperit.
1058 1981 1233 2036 Legitur
1250 1984 1365 2024 enim
1386 1983 1432 2023 in
1454 1983 1743 2038 manuscripto
1823 1986 1829 2022 Ξ

322 2046 396 2093 οἷ’-κ.
429 2046 604 2106 &smum
639 2052 844 2094 πλουτεῖν
877 2047 972 2094 οἶδὲ
1003 2050 1182 2109 ἔρωμαι,
1215 2047 1324 2094 ἄλλά
1353 2069 1429 2107 μοι
1463 2045 1514 2110 ἦν
1546 2053 1644 2106 ζεῖν.

607 2135 658 2175 In
693 2135 917 2176 Crameri
950 2135 1230 2176 Anecdotis
1262 2135 1530 2178 Parisinis.
1819 2174 1822 2178 .

464 2219 502 2245 V.
539 2206 746 2247 35--3ss.
782 2206 814 2259 I,
838 2206 934 2246 229.
958 2219 994 2246 V.
1015 2206 1068 2245 32
1085 2203 1311 2263 μαθήσεαι
1341 2209 1390 2248 ut
1411 2207 1528 2248 codd.
1550 2206 1746 2260 Theogn.,
1821 2216 1828 2250 4

321 2290 359 2318 v.
393 2290 430 2331 p.
465 2276 532 2318 55,
569 2302 625 2306 ——
656 2290 696 2320 V.
732 2277 785 2318 36
820 2278 1044 2334 ovgzgungg,
1075 2290 1115 2319 v,
1149 2290 1187 2331 p.
1226 2276 1292 2317 56.

465 2362 502 2387 v.
540 2348 818 2388 175—176.
851 2348 926 2401 IV,
975 2349 1072 2400 404,
1122 2348 1188 2388 30.
1221 2361 1258 2388 v.
1294 2349 1376 2388 175
1409 2345 1489 2408 χρὴ
1519 2344 1673 2406 πενίην
1703 2361 1743 2389 V.
1816 2396 1818 2398 ¹

321 2431 360 2473 p.
397 2419 449 2458 12
485 2432 574 2472 sqq.
607 2416 849 2475 μεγακήτεα
882 2433 922 2460 V.
956 2433 994 2473 p.
1031 2419 1095 2459 13.

464 2502 502 2529 V.
551 2489 907 2532 1151—1152.
955 2490 1032 2543 IV,
1077 2490 1172 2530 374.
1217 2503 1254 2530 V.
1302 2488 1412 2530 1151
1470 2488 1628 2547 παρεὶς
1670 2503 1746 2545 pro
1813 2499 1816 2503 ’

320 2558 478 2613 μεθεὶς
509 2564 557 2600 ut
588 2561 632 2600 in
665 2559 926 2615 Anthologia
959 2560 1156 2602 Palatina
1188 2558 1247 2614 (v,
1279 2573 1318 2614 p.
1356 2560 1423 2614 76)
1463 2562 1521 2609 -{-.

595 2641 1745 2697 InIriartiicatalogocodicumMatritensium.

470 2726 504 2752 v.
542 2711 747 2753 17—18.
780 2727 817 2767 p.
855 2713 948 2754 191.
981 2712 1112 2754 Nulla
1145 2714 1320 2768 discrep.
