1835 3094
772 164 794 205 7

76 285 268 338 debetur,
306 298 416 343 quae
454 291 612 341 quanta
644 289 697 329 sit
731 289 807 329 ha(-
840 301 1013 343 quoque
1051 288 1339 343 disputatione
1372 304 1493 344 spero

77 357 337 400 illustratum
372 357 435 399 iri.
500 355 587 399 Nec
621 359 910 414 spernendum
945 360 1127 414 pretium
1160 360 1367 415 opusculo
1401 374 1493 402 mm»

75 439 348 470 accessurum
381 428 561 475 confido,
594 429 706 483 quod
743 429 871 470 iunius
904 429 1062 470 codicis
1086 431 1273 485 itemque
1298 430 1491 472 Vaticani

77 510 209 541 novas
261 498 507 540 collationes
555 499 758 540 adhibere
804 500 905 541 mihi
962 502 1151 551 contigit,
1202 500 1254 542 ab
1309 502 1493 543 ilenrico

76 567 244 620 Iordan,
280 575 550 624 praeceptore
588 570 873 615 ‹iiim-tissime,
911 572 1232 612 accuratissime
1270 572 1492 613 confectas

217 638 310 682 Hoc
357 646 574 695 praeterea
625 654 775 683 moneo
821 641 1048 682 lectionum
1083 642 1349 684 diversitates
1382 656 1493 697 quae

75 709 127 752 ad
160 709 389 752 dialectum
424 712 637 766 pertinent
669 724 737 752 me
766 724 848 751 non
873 712 1092 764 attingere,
1125 714 1327 766 quoniam
1354 727 1493 769 neque

75 779 212 823 decidi
247 782 482 836 quidquam
518 787 664 836 potest,
699 789 743 822 ut
778 783 1080 836 unusquisque
1102 784 1317 828 concedet,
1350 785 1427 825 hac
1450 787 1491 827 in

75 864 121 893 re
143 851 246 893 locis
269 852 464 901 laudatis,
489 865 626 906 neque
650 851 845 893 Rennero
879 853 1201 895 assentiendum
1224 868 1318 895 esse
1340 868 1493 897 censeo

75 922 151 965 uni
183 922 356 964 modulo
389 923 531 963 omnia
564 923 607 964 in
639 921 920 975 Theognideis
947 937 1056 978 quae
1079 924 1273 966 feruntur
1294 926 1493 981 adaptare

73 993 258 1034 conanti.
323 992 501 1045 Ziegleri
537 994 677 1047 potius
711 995 948 1034 sententiae
980 995 1132 1036 accedo
1166 997 1206 1036 in
1241 996 1304 1037 ed.
1338 1010 1374 1051 p.
1411 996 1491 1038 VII

72 1062 174 1105 haec
215 1062 412 1105 dicentis:
463 1097 471 1113 ,
474 1096 649 1109 .....
697 1077 770 1118 per
816 1066 959 1106 omnia
994 1071 1037 1106 ut
1070 1079 1168 1107 eum
1201 1065 1490 1122 (Bennetum)

73 1146 290 1189 sequerer,
331 1148 355 1175 a
388 1147 455 1175 me
489 1135 715 1189 impetrare
748 1148 830 1175 non
868 1137 996 1189 potui.
1060 1137 1182 1185 Quod
1215 1138 1250 1178 si
1285 1138 1494 1190 fecissem,

74 1217 200 1260 saepe
231 1206 490 1260 optimorum
524 1205 728 1247 librorum
763 1207 970 1260 scriptura
1003 1208 1303 1249 00111n1utanda
1331 1208 1493 1260 fuisset,

77 1280 122 1317 ut
154 1289 222 1318 σοι
257 1276 373 1317 fleret
411 1292 488 1323 τοι,
522 1291 570 1317 οι·
600 1290 656 1323 εν,
690 1293 725 1317 ω
747 1291 816 1326 εω,
842 1292 880 1318 οι
906 1291 983 1325 coe,
1010 1293 1031 1334 η
1055 1291 1116 1326 c«,
1139 1292 1202 1327 εις
1222 1293 1306 1329 mg.
1338 1278 1493 1321 Tutius

74 1346 177 1388 mihi
200 1347 339 1388 visum
363 1352 426 1387 est
448 1347 568 1401 sequi
592 1348 836 1402 exemplum
860 1360 1020 1398 eorum,
1050 1350 1124 1403 qui
1149 1350 1191 1390 in
1215 1349 1494 1395 carminibus,

74 1430 184 1473 quae
217 1431 358 1473 neque
390 1418 576 1458 auctoris
609 1430 749 1472 neque
771 1419 919 1459 aetatis
946 1420 1073 1459 unius
1096 1426 1208 1470 sunt,
1243 1433 1324 1460 non
1350 1421 1493 1461 omnia

75 1489 127 1530 ad
162 1502 292 1530 unam
322 1490 587 1543 eandemque
610 1502 801 1530 normam
827 1489 1057 1542 redigenda
1079 1503 1172 1531 esse
1195 1490 1492 1532 arbitrantur.“

216 1559 302 1602 Nec
334 1573 406 1601 eos
440 1561 552 1601 locos
585 1585 640 1590 --
675 1572 727 1601 ne
760 1561 858 1614 quis
888 1560 1178 1612 neglegentiae
1202 1575 1268 1603 me
1290 1568 1493 1616 coarguat

80 1630 254 1672 laudata
302 1631 507 1672 nonnulla
543 1631 790 1672 desiderans
823 1655 878 1660 —
911 1633 1253 1684 commemoravi,
1299 1632 1350 1674 ad
1384 1646 1492 1687 quos

74 1702 135 1742 sic
184 1705 351 1742 tantum
400 1702 568 1756 respicit
602 1702 794 1756 scriptor.
841 1707 886 1742 ut
919 1714 1031 1755 quae
1063 1704 1297 1744 sententiae
1324 1705 1493 1759 propria

75 1771 204 1813 verba
244 1772 403 1813 fuerint
435 1772 544 1813 effici
579 1785 661 1813 non
697 1773 838 1827 possit.
902 1771 954 1812 Et
987 1772 1028 1812 in
1065 1773 1142 1812 hoe
1176 1787 1348 1828 quoque
1380 1776 1491 1816 vitu-

73 1842 290 1897 perandus
336 1842 558 1894 Sitne-rim,
605 1843 718 1897 quod
768 1843 808 1883 in
858 1842 1210 1885 adnotationibus
1257 1845 1358 1886 haee
1406 1846 1491 1887 duo

72 1924 229 1968 genera
262 1926 345 1955 non
379 1914 579 1955 distinxit
612 1928 634 1955 a
668 1912 852 1967 Bergkio
886 1919 1082 1955 accurate
1114 1914 1307 1957 disc-reta.

216 1984 339 2034 Quod
384 1985 535 2025 attinet
582 1984 766 2038 denique
813 1983 863 2024 ad
913 1985 1111 2026 materiae
1158 1986 1492 2041 dispositionem,

72 2058 207 2096 totum
231 2055 484 2110 scriptorum
511 2067 737 2096 numerum
762 2067 815 2095 ex
841 2060 1079 2109 temporum
1104 2057 1253 2099 ordine
1277 2058 1490 2112 digestum

71 2129 253 2166 tractare
298 2127 440 2175 statui,
487 2127 543 2166 ita
590 2130 731 2166 tamen
783 2131 829 2166 ut
871 2125 922 2166 de
954 2125 1134 2168 Stobaeo
1167 2141 1217 2168 ex
1253 2134 1491 2171 ceterorum

71 2196 396 2238 continuatione
443 2196 692 2251 deprompto
740 2197 875 2250 primo
913 2197 1179 2245 dissererem,
1226 2200 1384 2254 quippe
1417 2201 1489 2254 qui

73 2265 198 2321 louge
241 2267 472 2308 maximam
524 2267 716 2308 locorum
764 2268 928 2321 copiam
968 2269 1166 2322 praebeat
1199 2276 1239 2311 et
1273 2271 1383 2312 inter
1414 2271 1491 2312 hos

72 2336 233 2379 multos
264 2343 572 2379 controversos.

213 2406 311 2450 Jam
345 2408 608 2450 absolvimus
641 2421 751 2462 quae
783 2409 1030 2450 censuimus
1053 2411 1366 2464 praemonenda
1398 2424 1490 2453 esse

72 2481 114 2518 et
147 2477 284 2532 ipsum
318 2480 579 2534 propositum
614 2479 925 2533 aggrediamur.

215 2546 276 2589 De
307 2547 521 2591 Stobaeo
566 2551 826 2605 scripserunt
860 2550 1068 2604 Bergkius
1110 2553 1153 2593 in
1193 2552 1490 2594 dissertatione

71 2631 104 2659 s.
138 2616 161 2658 Ι.
195 2630 231 2672 p.
278 2619 362 2660 396
395 2632 503 2675 sqq„
534 2619 844 2663 Bernhardtius
883 2621 1152 2663 Nietzschius
1185 2622 1374 2664 Hensius
1406 2623 1430 2664 l.
1465 2623 1487 2664 Ι.

70 2685 311 2730 Nonnullos
358 2689 471 2732 locos
517 2690 571 2733 M.
618 2691 811 2733 Schmidt
864 2705 1035 2747 quoque
1081 2694 1274 2735 tractavit
1321 2693 1345 2736 1.
1389 2693 1412 2734 1.
1451 2707 1489 2748 p.
