1835 3094
1046 200 1096 241 12

360 327 635 380 compilator:
670 324 738 364 hic
771 323 941 376 quidem
992 336 1117 377 opera
1163 325 1257 365 eius
1302 337 1391 365 non
1426 325 1682 379 indigemus.
1715 350 1770 356 —

360 411 399 438 v.
435 397 529 436 156.
562 409 637 450 pro
671 389 896 450 οὖλομένην
926 394 1040 436 Stob.
1073 392 1221 451 Κύρνε,
1254 393 1399 454 κακήν.
1432 399 1498 444 -†—.

502 504 539 529 v.
561 491 581 529 1
596 490 617 528 7
631 490 718 528 5—
733 489 752 528 1
769 487 838 529 76.
879 488 944 540 96,
970 488 1034 528 16.
1066 488 1158 529 Hos
1181 501 1331 530 versus
1351 493 1518 544 praeter
1542 489 1773 532 Stobaeum

359 561 559 615 permulti
592 560 818 612 scriptores
846 558 1028 599 afferunt
1061 558 1345 614 (Plutarchus,
1368 559 1563 602 Clemens
1586 561 1773 602 Alexan-

361 632 530 683 drinus,
576 630 889 683 Hermogenes,
936 629 1226 683 Aphthonius,
1279 630 1586 685 Theodoretus,
1637 631 1772 673 Schol.

359 701 638 753 Thucydidis,
683 701 818 742 Schol.
866 701 1128 752 Aristotelis,
1172 699 1353 742 Cramer.
1401 702 1563 744 Anecd.
1611 696 1770 756 Paris).

360 770 519 812 Omnes
563 772 605 811 hi
648 772 837 825 itemque
869 770 1078 812 Stobaeus
1118 784 1156 811 V.
1192 772 1286 812 175.
1351 769 1429 830 χρὴ
1461 770 1614 830 πενίην
1644 771 1801 831 φεύγ.,-

357 855 455 882 cum
488 843 533 882 in
565 842 806 896 Theognide
838 843 1019 896 legatur:

560 906 698 968 ἶῖἰνὸρ)
734 910 903 968 ἀγαθὸν
946 909 1073 969 πενίη
1112 910 1292 960 πάντων
1338 910 1524 971 δάμνησι
1567 911 1772 968 μάλιστα,
1805 914 1810 920 ’

572 982 645 1025 καὶ
692 981 828 1040 γήρως
875 983 1047 1036 πολιοῦ,
1089 981 1240 1039 Κύρνε,
1286 982 1360 1025 καὶ
1393 981 1599 1041 ἠπιάλου,

572 1049 630 1110 ἣν
664 1052 721 1112 δὴ
753 1053 843 1112 χρη
877 1052 1085 1111 ([είγοντα
1117 1054 1204 1096 κτλ.

357 1149 570 1203 Bergkius
609 1150 797 1190 adnotat:
854 1143 929 1206 ,ἣν
971 1145 1022 1205 δὴ
1066 1146 1161 1206 χρή,
1194 1149 1253 1189 ita
1294 1148 1550 1202 Theognidis
1597 1151 1774 1205 codices,

359 1221 473 1274 quod
504 1220 741 1274 profectum
771 1220 822 1260 ab
855 1221 919 1272 iis,
953 1221 1025 1273 qui
1048 1219 1150 1260 haec
1177 1232 1276 1260 cum
1298 1221 1492 1273 proxime
1513 1222 1774 1276 praegressis

356 1291 555 1345 copulare
578 1291 818 1342 voluerunt,
846 1304 946 1331 nam
973 1303 1134 1341 omnes,
1166 1291 1241 1344 qui
1268 1291 1333 1332 his
1359 1290 1555 1332 versibus
1576 1295 1772 1343 utuntur,

358 1358 435 1418 χρὴ
471 1359 623 1419 πενίην
655 1362 870 1402 afferuntf‘
918 1361 1007 1402 Nec
1040 1362 1184 1402 minus
1206 1360 1477 1403 Nietzschius
1504 1362 1548 1416 (l.
1571 1362 1597 1402 1.
1619 1376 1656 1417 p.
1675 1363 1772 1416 186)

361 1434 573 1487 egregiam
609 1433 717 1473 dixit
749 1433 865 1472 illam
898 1433 1134 1473 lectionem.
1186 1430 1357 1473 Erravit
1388 1437 1578 1487 uterque.
1640 1433 1774 1475 Primi

358 1505 530 1557 generis
565 1504 845 1544 mutationem
879 1503 988 1543 hanc
1022 1515 1113 1544 esse
1145 1503 1249 1543 mihi
1282 1503 1456 1556 quidem
1486 1504 1584 1545 luce
1615 1505 1773 1546 clarius

356 1574 536 1615 videtur,
598 1574 652 1615 Et
698 1588 794 1614 cum
840 1574 994 1614 melius
1039 1574 1090 1615 de
1134 1574 1213 1614 hac
1257 1587 1303 1614 re
1346 1574 1494 1615 disseri
1531 1588 1620 1616 non
1649 1588 1774 1630 posse

356 1645 526 1685 credam
546 1659 676 1699 quam
694 1645 893 1685 disseruit
909 1643 1282 1699 Heimsoethiusl),
1298 1645 1429 1686 huius
1448 1645 1576 1686 verba
1596 1658 1771 1699 ponam:

356 1715 477 1768 „Non
511 1718 687 1757 certiore
720 1722 971 1770 argumento
1004 1717 1049 1756 in
1083 1729 1119 1755 v,
1145 1715 1226 1756 173
1249 1729 1327 1769 sqq
1351 1749 1359 1757 .
1384 1749 1391 1756 .
1416 1749 1423 1756 .
1447 1749 1454 1756 .
1489 1716 1617 1757 verba
1647 1710 1698 1775 ἢν
1720 1712 1772 1773 δὴ

354 1783 432 1842 χρὴ
467 1800 489 1826 a
522 1787 760 1828 breviatore
803 1787 987 1842 profecta
1033 1799 1143 1839 esse,
1181 1787 1324 1839 ipsum
1365 1786 1652 1841 Theognidem
1694 1783 1772 1844 χρὴ

355 1854 509 1914 πενίην
540 1859 737 1912 scripisse
760 1871 815 1899 ex
848 1871 895 1899 eo
929 1858 1070 1912 colligi
1102 1857 1207 1897 mihi
1228 1857 1411 1911 videtur,
1444 1858 1559 1911 quod
1592 1859 1772 1912 quicun-

356 1941 438 1981 que
485 1928 563 1969 hac
611 1930 837 1981 sententia,
881 1942 990 1983 quae
1037 1929 1184 1969 multis
1216 1928 1390 1981 placuit,
1428 1929 1498 1969 usi
1542 1932 1661 1981 sunt,
1692 1928 1772 1969 hoc

354 1998 569 2040 exhibent.
618 1999 786 2040 Etenim
823 2013 908 2041 non
942 2000 1082 2041 solum
1114 2000 1265 2039 horum
1297 1999 1634 2052 fragmentorum
1659 2011 1771 2039 com-

353 2069 532 2122 positor,
578 2070 652 2110 sed
684 2072 811 2111 etiam
844 2072 1067 2124 scriptores
1116 2072 1187 2124 qui
1218 2069 1472 2124 Theognidis
1505 2070 1771 2124 aliorumque

355 2139 552 2181 versibus
586 2142 655 2181 usi
687 2145 789 2182 sunt
820 2155 956 2182 unum
990 2146 1031 2182 et
1063 2142 1244 2182 alterum
1275 2141 1321 2180 in
1354 2153 1480 2181 suum
1515 2154 1644 2182 usum
1676 2154 1771 2181 mu-

352 2212 510 2250 tarunt.
576 2209 658 2259 Qui
691 2212 799 2253 hanc
839 2213 888 2253 de
932 2215 1178 2265 paupertate
1225 2213 1480 2252 sententiam
1527 2211 1770 2265 afferebant,

354 2292 440 2319 non
472 2286 666 2334 poterant
699 2283 820 2323 aliter
850 2283 1051 2336 incipere,
1085 2283 1174 2323 sive
1203 2282 1281 2322 hoc
1314 2295 1429 2323 unus
1449 2283 1640 2336 primum
1660 2281 1771 2335 fecit,

356 2363 483 2401 quem
516 2355 644 2394 ceteri
677 2355 812 2394 secuti
847 2358 966 2406 sunt,
996 2355 1087 2394 sive
1125 2354 1252 2394 etiam
1289 2353 1433 2407 plures
1472 2353 1620 2394 eadem
1653 2353 1771 2393 ducti

354 2424 607 2465 necessitate
640 2424 776 2478 (quod
809 2427 934 2465 etiam
969 2424 1020 2464 ad
1053 2423 1281 2465 Stobaeum
1312 2424 1524 2478 pertinet).
1579 2423 1647 2464 Ab
1679 2424 1770 2477 ipso

353 2490 596 2546 Theognide
643 2495 920 2536 verisimilius
972 2499 1035 2535 est
1080 2495 1211 2535 verba
1256 2494 1328 2534 illa
1375 2495 1628 2546 sententiae,
1661 2506 1770 2547 quae

353 2574 525 2604 causam
552 2566 814 2618 continebat,
847 2567 908 2606 sic
940 2579 1015 2620 per
1046 2559 1096 2623 ἣν
1129 2562 1180 2623 δὴ
1212 2561 1289 2621 χρή
1322 2564 1521 2605 adiuncta
1553 2565 1681 2606 esse.“
1713 2588 1771 2593 —

497 2740 530 2784 1)
556 2741 619 2785 in,
644 2751 677 2784 p.
705 2742 759 2775 12.
789 2742 842 2776 13.
